Local time,Ask,Bid,AskVolume,BidVolume
21.03.2013 00:00:00.005 GMT+0800,1607.848,1607.533,300,200
21.03.2013 00:00:00.126 GMT+0800,1607.816,1607.513,300,300
21.03.2013 00:00:00.465 GMT+0800,1607.7450000000001,1607.413,300,300
21.03.2013 00:00:00.925 GMT+0800,1607.76,1607.413,300,300
21.03.2013 00:00:01.777 GMT+0800,1607.7870000000003,1607.433,300,300
21.03.2013 00:00:02.517 GMT+0800,1607.7020000000002,1607.402,300,700
21.03.2013 00:00:02.621 GMT+0800,1607.7,1607.3529999999998,300,300
21.03.2013 00:00:02.815 GMT+0800,1607.644,1607.3400000000001,300,300
21.03.2013 00:00:02.887 GMT+0800,1607.644,1607.3329999999999,300,300
21.03.2013 00:00:04.552 GMT+0800,1607.6770000000001,1607.3329999999999,300,300
21.03.2013 00:00:06.312 GMT+0800,1607.693,1607.352,300,400
21.03.2013 00:00:07.213 GMT+0800,1607.693,1607.393,300,200
21.03.2013 00:00:07.395 GMT+0800,1607.711,1607.393,300,300
21.03.2013 00:00:08.203 GMT+0800,1607.713,1607.413,300,200
21.03.2013 00:00:09.687 GMT+0800,1607.777,1607.4420000000002,300,300
21.03.2013 00:00:13.295 GMT+0800,1607.6870000000001,1607.3860000000002,200,400
21.03.2013 00:00:13.465 GMT+0800,1607.6870000000001,1607.378,300,300
21.03.2013 00:00:13.525 GMT+0800,1607.6470000000002,1607.3429999999998,300,800
21.03.2013 00:00:13.592 GMT+0800,1607.6470000000002,1607.3329999999999,300,300
21.03.2013 00:00:13.715 GMT+0800,1607.639,1607.3329999999999,300,300
21.03.2013 00:00:14.282 GMT+0800,1607.671,1607.352,300,300
21.03.2013 00:00:16.030 GMT+0800,1607.64,1607.336,300,300
21.03.2013 00:00:16.479 GMT+0800,1607.674,1607.352,300,300
21.03.2013 00:00:17.827 GMT+0800,1607.7520000000002,1607.4520000000002,300,600
21.03.2013 00:00:17.885 GMT+0800,1607.846,1607.503,300,300
21.03.2013 00:00:18.139 GMT+0800,1607.826,1607.503,300,300
21.03.2013 00:00:18.495 GMT+0800,1607.849,1607.533,300,300
21.03.2013 00:00:19.005 GMT+0800,1607.88,1607.533,300,300
21.03.2013 00:00:25.097 GMT+0800,1607.8570000000002,1607.5520000000001,300,300
21.03.2013 00:00:25.422 GMT+0800,1607.8310000000001,1607.527,300,300
21.03.2013 00:00:28.827 GMT+0800,1607.848,1607.533,500,300
21.03.2013 00:00:31.135 GMT+0800,1607.903,1607.5929999999998,300,300
21.03.2013 00:00:31.633 GMT+0800,1607.882,1607.5729999999999,300,300
21.03.2013 00:00:32.398 GMT+0800,1607.846,1607.546,300,200
21.03.2013 00:00:32.576 GMT+0800,1607.846,1607.533,300,300
21.03.2013 00:00:34.546 GMT+0800,1607.8600000000001,1607.533,300,300
21.03.2013 00:00:35.107 GMT+0800,1607.881,1607.5520000000001,300,300
21.03.2013 00:00:35.452 GMT+0800,1607.939,1607.5729999999999,300,600
21.03.2013 00:00:36.365 GMT+0800,1607.9220000000003,1607.5929999999998,300,300
21.03.2013 00:00:36.925 GMT+0800,1607.9470000000001,1607.5929999999998,300,300
21.03.2013 00:00:38.328 GMT+0800,1607.9279999999999,1607.5929999999998,300,300
21.03.2013 00:00:38.676 GMT+0800,1607.901,1607.5929999999998,300,300
21.03.2013 00:00:39.002 GMT+0800,1607.92,1607.6129999999998,300,300
21.03.2013 00:00:39.675 GMT+0800,1607.844,1607.543,300,200
21.03.2013 00:00:39.872 GMT+0800,1607.864,1607.543,200,300
21.03.2013 00:00:40.206 GMT+0800,1607.848,1607.543,200,300
21.03.2013 00:00:40.696 GMT+0800,1607.8529999999998,1607.5520000000001,400,200
21.03.2013 00:00:40.815 GMT+0800,1607.874,1607.5520000000001,300,300
21.03.2013 00:00:41.876 GMT+0800,1607.851,1607.5470000000003,300,300
21.03.2013 00:00:41.995 GMT+0800,1607.848,1607.543,200,300
21.03.2013 00:00:42.425 GMT+0800,1607.874,1607.5629999999999,200,300
21.03.2013 00:00:42.997 GMT+0800,1607.894,1607.5629999999999,300,300
21.03.2013 00:00:50.150 GMT+0800,1607.8170000000002,1607.517,300,600
21.03.2013 00:00:50.267 GMT+0800,1607.8229999999999,1607.523,300,200
21.03.2013 00:00:51.647 GMT+0800,1607.835,1607.523,300,300
21.03.2013 00:00:51.766 GMT+0800,1607.8170000000002,1607.513,300,700
21.03.2013 00:01:00.456 GMT+0800,1607.8329999999999,1607.523,300,300
21.03.2013 00:01:02.756 GMT+0800,1607.872,1607.523,300,300
21.03.2013 00:01:03.142 GMT+0800,1607.8329999999999,1607.533,300,800
21.03.2013 00:01:03.665 GMT+0800,1607.848,1607.543,200,300
21.03.2013 00:01:04.296 GMT+0800,1607.832,1607.5320000000002,300,200
21.03.2013 00:01:04.723 GMT+0800,1607.8120000000001,1607.5120000000002,300,800
21.03.2013 00:01:06.707 GMT+0800,1607.835,1607.533,300,800
21.03.2013 00:01:08.607 GMT+0800,1607.819,1607.519,300,800
21.03.2013 00:01:10.316 GMT+0800,1607.8029999999999,1607.503,300,700
21.03.2013 00:01:11.315 GMT+0800,1607.7479999999998,1607.4479999999999,900,700
21.03.2013 00:01:11.445 GMT+0800,1607.6029999999998,1607.3029999999999,300,200
21.03.2013 00:01:11.505 GMT+0800,1607.663,1607.3629999999998,500,200
21.03.2013 00:01:13.505 GMT+0800,1607.6229999999998,1607.3229999999999,300,200
21.03.2013 00:01:19.775 GMT+0800,1607.643,1607.3429999999998,300,200
21.03.2013 00:01:19.850 GMT+0800,1607.621,1607.3210000000001,300,200
21.03.2013 00:01:20.175 GMT+0800,1607.6000000000001,1607.3,300,700
21.03.2013 00:01:21.467 GMT+0800,1607.621,1607.3210000000001,300,200
21.03.2013 00:01:22.445 GMT+0800,1607.621,1607.3129999999999,300,300
21.03.2013 00:01:22.505 GMT+0800,1607.5510000000002,1607.2510000000002,300,700
21.03.2013 00:01:23.381 GMT+0800,1607.5929999999998,1607.293,300,200
21.03.2013 00:01:26.935 GMT+0800,1607.5770000000002,1607.277,300,700
21.03.2013 00:01:27.806 GMT+0800,1607.596,1607.293,300,300
21.03.2013 00:01:27.866 GMT+0800,1607.58,1607.28,300,200
21.03.2013 00:01:28.216 GMT+0800,1607.5629999999999,1607.263,300,200
21.03.2013 00:01:33.985 GMT+0800,1607.499,1607.199,300,700
21.03.2013 00:01:39.960 GMT+0800,1607.543,1607.243,300,200
21.03.2013 00:01:51.345 GMT+0800,1607.5529999999999,1607.2520000000002,400,200
21.03.2013 00:01:51.476 GMT+0800,1607.6070000000002,1607.2520000000002,200,300
21.03.2013 00:01:51.786 GMT+0800,1607.592,1607.273,300,300
21.03.2013 00:01:52.134 GMT+0800,1607.614,1607.3129999999999,400,200
21.03.2013 00:01:52.195 GMT+0800,1607.6129999999998,1607.3129999999999,300,200
21.03.2013 00:01:52.261 GMT+0800,1607.663,1607.3629999999998,200,200
21.03.2013 00:01:58.201 GMT+0800,1607.6129999999998,1607.283,300,300
21.03.2013 00:01:58.845 GMT+0800,1607.539,1607.239,300,800
21.03.2013 00:01:59.935 GMT+0800,1607.575,1607.273,300,800
21.03.2013 00:02:00.055 GMT+0800,1607.595,1607.283,300,300
21.03.2013 00:02:00.365 GMT+0800,1607.54,1607.24,300,600
21.03.2013 00:02:00.555 GMT+0800,1607.5629999999999,1607.263,200,200
21.03.2013 00:02:01.095 GMT+0800,1607.5339999999999,1607.233,400,200
21.03.2013 00:02:01.155 GMT+0800,1607.494,1607.194,300,800
21.03.2013 00:02:01.425 GMT+0800,1607.453,1607.153,300,200
21.03.2013 00:02:01.696 GMT+0800,1607.483,1607.153,300,300
21.03.2013 00:02:02.195 GMT+0800,1607.46,1607.153,300,300
21.03.2013 00:02:02.664 GMT+0800,1607.4170000000001,1607.0929999999998,300,300
21.03.2013 00:02:03.808 GMT+0800,1607.366,1607.066,300,700
21.03.2013 00:02:03.866 GMT+0800,1607.366,1607.0520000000001,300,300
21.03.2013 00:02:04.355 GMT+0800,1607.389,1607.0520000000001,300,300
21.03.2013 00:02:05.425 GMT+0800,1607.405,1607.0629999999999,300,300
21.03.2013 00:02:09.536 GMT+0800,1607.421,1607.0629999999999,300,300
21.03.2013 00:02:10.019 GMT+0800,1607.453,1607.152,400,200
21.03.2013 00:02:10.075 GMT+0800,1607.5020000000002,1607.152,200,300
21.03.2013 00:02:10.136 GMT+0800,1607.463,1607.152,300,300
21.03.2013 00:02:11.082 GMT+0800,1607.44,1607.14,300,200
21.03.2013 00:02:11.157 GMT+0800,1607.459,1607.153,300,300
21.03.2013 00:02:11.296 GMT+0800,1607.483,1607.153,300,300
21.03.2013 00:02:12.445 GMT+0800,1607.463,1607.153,300,300
21.03.2013 00:02:14.345 GMT+0800,1607.44,1607.14,300,200
21.03.2013 00:02:16.479 GMT+0800,1607.484,1607.183,400,200
21.03.2013 00:02:16.535 GMT+0800,1607.4920000000002,1607.183,300,300
21.03.2013 00:02:16.595 GMT+0800,1607.523,1607.223,300,200
21.03.2013 00:02:17.085 GMT+0800,1607.536,1607.223,300,300
21.03.2013 00:02:18.365 GMT+0800,1607.5870000000002,1607.266,300,300
21.03.2013 00:02:18.885 GMT+0800,1607.6470000000002,1607.293,200,300
21.03.2013 00:02:20.153 GMT+0800,1607.6660000000002,1607.3329999999999,300,300
21.03.2013 00:02:21.595 GMT+0800,1607.641,1607.3329999999999,300,300
21.03.2013 00:02:22.026 GMT+0800,1607.671,1607.3329999999999,300,300
21.03.2013 00:02:22.616 GMT+0800,1607.713,1607.352,300,300
21.03.2013 00:02:25.605 GMT+0800,1607.6820000000002,1607.3329999999999,300,300
21.03.2013 00:02:26.074 GMT+0800,1607.6620000000003,1607.3329999999999,300,300
21.03.2013 00:02:35.100 GMT+0800,1607.6970000000001,1607.352,300,300
21.03.2013 00:02:35.445 GMT+0800,1607.648,1607.3329999999999,200,200
21.03.2013 00:02:35.899 GMT+0800,1607.642,1607.3329999999999,300,300
21.03.2013 00:02:36.307 GMT+0800,1607.6660000000002,1607.3329999999999,300,300
21.03.2013 00:02:38.705 GMT+0800,1607.6070000000002,1607.283,300,300
21.03.2013 00:02:45.018 GMT+0800,1607.625,1607.283,300,300
21.03.2013 00:02:49.375 GMT+0800,1607.6070000000002,1607.283,300,300
21.03.2013 00:02:49.926 GMT+0800,1607.546,1607.246,300,700
21.03.2013 00:02:49.987 GMT+0800,1607.546,1607.233,300,300
21.03.2013 00:02:50.256 GMT+0800,1607.529,1607.2250000000001,300,300
21.03.2013 00:02:51.856 GMT+0800,1607.497,1607.1970000000001,300,200
21.03.2013 00:02:51.985 GMT+0800,1607.497,1607.173,300,300
21.03.2013 00:02:54.476 GMT+0800,1607.4520000000002,1607.1129999999998,300,300
21.03.2013 00:02:59.455 GMT+0800,1607.4089999999999,1607.109,300,800
21.03.2013 00:02:59.515 GMT+0800,1607.43,1607.13,300,200
21.03.2013 00:02:59.575 GMT+0800,1607.43,1607.0729999999999,300,300
21.03.2013 00:03:00.475 GMT+0800,1607.3970000000002,1607.0729999999999,300,300
21.03.2013 00:03:01.793 GMT+0800,1607.414,1607.0529999999999,300,300
21.03.2013 00:03:02.475 GMT+0800,1607.398,1607.0529999999999,300,300
21.03.2013 00:03:04.326 GMT+0800,1607.4170000000001,1607.0529999999999,200,300
21.03.2013 00:03:06.716 GMT+0800,1607.3870000000002,1607.0520000000001,300,300
21.03.2013 00:03:07.128 GMT+0800,1607.4070000000002,1607.0520000000001,300,300
21.03.2013 00:03:08.345 GMT+0800,1607.4170000000001,1607.064,300,300
21.03.2013 00:03:08.769 GMT+0800,1607.394,1607.0520000000001,300,300
21.03.2013 00:03:09.355 GMT+0800,1607.4170000000001,1607.064,300,300
21.03.2013 00:03:11.666 GMT+0800,1607.4460000000001,1607.0929999999998,300,300
21.03.2013 00:03:12.855 GMT+0800,1607.4620000000002,1607.1229999999998,300,300
21.03.2013 00:03:16.706 GMT+0800,1607.4820000000002,1607.143,300,300
21.03.2013 00:03:17.205 GMT+0800,1607.4979999999998,1607.152,300,300
21.03.2013 00:03:18.985 GMT+0800,1607.464,1607.152,300,300
21.03.2013 00:03:21.615 GMT+0800,1607.484,1607.143,300,300
21.03.2013 00:03:22.116 GMT+0800,1607.635,1607.293,300,300
21.03.2013 00:03:24.446 GMT+0800,1607.648,1607.326,300,300
21.03.2013 00:03:25.035 GMT+0800,1607.709,1607.352,300,600
21.03.2013 00:03:31.347 GMT+0800,1607.727,1607.401,300,300
21.03.2013 00:03:32.176 GMT+0800,1607.8210000000001,1607.493,300,300
21.03.2013 00:03:32.535 GMT+0800,1607.858,1607.533,300,300
21.03.2013 00:03:33.889 GMT+0800,1607.839,1607.539,300,700
21.03.2013 00:03:33.976 GMT+0800,1607.911,1607.5629999999999,300,300
21.03.2013 00:03:35.835 GMT+0800,1607.848,1607.514,700,300
21.03.2013 00:03:36.524 GMT+0800,1607.8020000000001,1607.5020000000002,300,200
21.03.2013 00:03:36.585 GMT+0800,1607.8020000000001,1607.473,300,300
21.03.2013 00:03:36.645 GMT+0800,1607.785,1607.473,300,300
21.03.2013 00:03:37.636 GMT+0800,1607.7450000000001,1607.445,300,200
21.03.2013 00:03:40.617 GMT+0800,1607.726,1607.4260000000002,300,800
21.03.2013 00:03:40.676 GMT+0800,1607.726,1607.423,300,300
21.03.2013 00:03:40.735 GMT+0800,1607.71,1607.41,300,200
21.03.2013 00:03:40.859 GMT+0800,1607.71,1607.403,300,300
21.03.2013 00:03:46.466 GMT+0800,1607.7279999999998,1607.403,300,300
21.03.2013 00:03:47.442 GMT+0800,1607.7520000000002,1607.423,300,300
21.03.2013 00:03:47.899 GMT+0800,1607.8220000000001,1607.483,300,300
21.03.2013 00:03:48.669 GMT+0800,1607.824,1607.523,400,200
21.03.2013 00:03:49.095 GMT+0800,1607.806,1607.506,300,200
21.03.2013 00:03:50.335 GMT+0800,1607.806,1607.503,300,300
21.03.2013 00:03:52.266 GMT+0800,1607.856,1607.503,600,300
21.03.2013 00:03:53.735 GMT+0800,1607.9089999999999,1607.6029999999998,300,300
21.03.2013 00:03:54.065 GMT+0800,1607.9379999999999,1607.6029999999998,300,300
21.03.2013 00:03:54.496 GMT+0800,1607.9160000000002,1607.6029999999998,300,300
21.03.2013 00:03:54.905 GMT+0800,1607.899,1607.595,300,300
21.03.2013 00:03:55.317 GMT+0800,1607.846,1607.543,300,700
21.03.2013 00:03:55.480 GMT+0800,1607.862,1607.5529999999999,300,300
21.03.2013 00:03:57.039 GMT+0800,1607.8970000000002,1607.566,300,300
21.03.2013 00:03:58.076 GMT+0800,1607.8960000000002,1607.5729999999999,300,300
21.03.2013 00:04:03.318 GMT+0800,1607.845,1607.545,300,200
21.03.2013 00:04:08.029 GMT+0800,1607.845,1607.523,300,300
21.03.2013 00:04:08.866 GMT+0800,1607.825,1607.523,300,200
21.03.2013 00:04:11.567 GMT+0800,1607.854,1607.523,200,300
21.03.2013 00:04:11.896 GMT+0800,1607.834,1607.523,300,300
21.03.2013 00:04:17.315 GMT+0800,1607.809,1607.493,300,300
21.03.2013 00:04:17.854 GMT+0800,1607.848,1607.493,300,300
21.03.2013 00:04:21.176 GMT+0800,1607.832,1607.493,300,300
21.03.2013 00:04:25.316 GMT+0800,1607.805,1607.493,300,300
21.03.2013 00:04:27.947 GMT+0800,1607.8210000000001,1607.493,300,300
21.03.2013 00:04:31.100 GMT+0800,1607.7479999999998,1607.4479999999999,200,300
21.03.2013 00:04:31.226 GMT+0800,1607.754,1607.443,300,300
21.03.2013 00:04:32.516 GMT+0800,1607.736,1607.433,300,800
21.03.2013 00:04:36.225 GMT+0800,1607.736,1607.413,300,300
21.03.2013 00:04:39.205 GMT+0800,1607.714,1607.413,300,200
21.03.2013 00:04:42.375 GMT+0800,1607.7320000000002,1607.413,300,300
21.03.2013 00:04:42.435 GMT+0800,1607.7520000000002,1607.4520000000002,300,600
21.03.2013 00:04:42.556 GMT+0800,1607.777,1607.4520000000002,300,900
21.03.2013 00:04:44.605 GMT+0800,1607.838,1607.513,300,300
21.03.2013 00:04:49.245 GMT+0800,1607.835,1607.533,300,200
21.03.2013 00:04:50.866 GMT+0800,1607.852,1607.533,300,300
21.03.2013 00:04:55.382 GMT+0800,1607.83,1607.526,300,300
21.03.2013 00:04:55.980 GMT+0800,1607.8500000000001,1607.533,300,300
21.03.2013 00:04:59.468 GMT+0800,1607.8229999999999,1607.523,300,700
21.03.2013 00:04:59.526 GMT+0800,1607.8229999999999,1607.493,300,300
21.03.2013 00:05:00.285 GMT+0800,1607.78,1607.4779999999998,400,700
21.03.2013 00:05:00.495 GMT+0800,1607.7479999999998,1607.433,300,200
21.03.2013 00:05:02.133 GMT+0800,1607.7839999999999,1607.433,300,300
21.03.2013 00:05:02.656 GMT+0800,1607.8070000000002,1607.463,300,300
21.03.2013 00:05:06.965 GMT+0800,1607.8529999999998,1607.5529999999999,300,200
21.03.2013 00:05:07.085 GMT+0800,1607.931,1607.565,300,400
21.03.2013 00:05:09.157 GMT+0800,1607.869,1607.565,300,300
21.03.2013 00:05:09.218 GMT+0800,1607.869,1607.5520000000001,300,300
21.03.2013 00:05:10.605 GMT+0800,1607.9070000000002,1607.5520000000001,200,300
21.03.2013 00:05:11.827 GMT+0800,1607.918,1607.5729999999999,300,300
21.03.2013 00:05:12.252 GMT+0800,1607.825,1607.523,300,200
21.03.2013 00:05:18.087 GMT+0800,1607.842,1607.523,300,300
21.03.2013 00:05:20.968 GMT+0800,1607.825,1607.523,300,200
21.03.2013 00:05:22.825 GMT+0800,1607.858,1607.523,200,300
21.03.2013 00:05:22.945 GMT+0800,1607.878,1607.523,200,300
21.03.2013 00:05:29.945 GMT+0800,1607.856,1607.5529999999999,300,200
21.03.2013 00:05:30.245 GMT+0800,1607.9070000000002,1607.5529999999999,300,200
21.03.2013 00:05:32.675 GMT+0800,1607.848,1607.5470000000003,200,300
21.03.2013 00:05:32.735 GMT+0800,1607.848,1607.5320000000002,300,300
21.03.2013 00:05:32.826 GMT+0800,1607.862,1607.523,300,300
21.03.2013 00:05:33.586 GMT+0800,1607.878,1607.523,300,300
21.03.2013 00:05:33.907 GMT+0800,1607.918,1607.5729999999999,300,300
21.03.2013 00:05:34.277 GMT+0800,1607.9360000000001,1607.5729999999999,300,300
21.03.2013 00:05:34.627 GMT+0800,1608.007,1607.652,300,200
21.03.2013 00:05:35.177 GMT+0800,1607.9979999999998,1607.652,200,300
21.03.2013 00:05:36.587 GMT+0800,1607.9479999999999,1607.6129999999998,200,200
21.03.2013 00:05:36.945 GMT+0800,1607.9479999999999,1607.6129999999998,200,200
21.03.2013 00:05:38.457 GMT+0800,1607.9479999999999,1607.6129999999998,300,200
21.03.2013 00:05:39.191 GMT+0800,1607.933,1607.6329999999998,300,200
21.03.2013 00:05:39.947 GMT+0800,1607.9470000000001,1607.6329999999998,300,300
21.03.2013 00:05:40.498 GMT+0800,1607.989,1607.6329999999998,300,300
21.03.2013 00:05:42.586 GMT+0800,1607.97,1607.6329999999998,300,300
21.03.2013 00:05:42.933 GMT+0800,1607.914,1607.6129999999998,300,200
21.03.2013 00:05:43.265 GMT+0800,1607.844,1607.543,400,200
21.03.2013 00:05:43.385 GMT+0800,1607.7479999999998,1607.443,200,700
21.03.2013 00:05:43.445 GMT+0800,1607.7320000000002,1607.423,300,300
21.03.2013 00:05:44.316 GMT+0800,1607.759,1607.423,300,300
21.03.2013 00:05:44.661 GMT+0800,1607.775,1607.453,300,300
21.03.2013 00:05:45.307 GMT+0800,1607.874,1607.5729999999999,500,200
21.03.2013 00:05:45.425 GMT+0800,1607.864,1607.5629999999999,300,800
21.03.2013 00:05:45.485 GMT+0800,1607.884,1607.5729999999999,300,300
21.03.2013 00:05:45.717 GMT+0800,1607.9470000000001,1607.586,300,300
21.03.2013 00:05:46.026 GMT+0800,1608.0079999999998,1607.663,300,300
21.03.2013 00:05:46.336 GMT+0800,1608.014,1607.713,400,200
21.03.2013 00:05:46.395 GMT+0800,1608.025,1607.713,300,300
21.03.2013 00:05:47.505 GMT+0800,1608.005,1607.703,300,800
21.03.2013 00:05:47.825 GMT+0800,1607.924,1607.6229999999998,400,200
21.03.2013 00:05:48.166 GMT+0800,1607.894,1607.5929999999998,400,200
21.03.2013 00:05:49.566 GMT+0800,1607.9470000000001,1607.5929999999998,300,300
21.03.2013 00:05:49.825 GMT+0800,1607.953,1607.652,400,200
21.03.2013 00:05:49.886 GMT+0800,1607.996,1607.652,300,300
21.03.2013 00:05:51.175 GMT+0800,1608.004,1607.703,400,200
21.03.2013 00:05:51.295 GMT+0800,1607.9479999999999,1607.6329999999998,400,200
21.03.2013 00:05:51.355 GMT+0800,1607.97,1607.6329999999998,300,300
21.03.2013 00:05:51.829 GMT+0800,1607.911,1607.611,300,200
21.03.2013 00:05:52.236 GMT+0800,1607.911,1607.6029999999998,300,300
21.03.2013 00:05:52.295 GMT+0800,1607.903,1607.6029999999998,300,200
21.03.2013 00:05:52.837 GMT+0800,1607.8870000000002,1607.5520000000001,200,500
21.03.2013 00:05:52.957 GMT+0800,1607.786,1607.483,300,800
21.03.2013 00:05:53.017 GMT+0800,1607.8110000000001,1607.493,300,300
21.03.2013 00:05:53.827 GMT+0800,1607.8129999999999,1607.513,300,200
21.03.2013 00:05:53.996 GMT+0800,1607.8429999999998,1607.513,300,300
21.03.2013 00:05:54.523 GMT+0800,1607.8529999999998,1607.5529999999999,300,200
21.03.2013 00:05:54.605 GMT+0800,1607.8729999999998,1607.5529999999999,300,300
21.03.2013 00:05:55.295 GMT+0800,1607.934,1607.6329999999998,400,200
21.03.2013 00:05:55.356 GMT+0800,1607.9460000000001,1607.6329999999998,300,300
21.03.2013 00:05:58.686 GMT+0800,1607.954,1607.653,300,200
21.03.2013 00:06:00.125 GMT+0800,1607.9460000000001,1607.58,300,400
21.03.2013 00:06:00.185 GMT+0800,1607.8629999999998,1607.5629999999999,300,200
21.03.2013 00:06:00.765 GMT+0800,1607.848,1607.543,200,200
21.03.2013 00:06:00.827 GMT+0800,1607.844,1607.543,300,200
21.03.2013 00:06:05.085 GMT+0800,1607.798,1607.473,300,300
21.03.2013 00:06:05.417 GMT+0800,1607.7820000000002,1607.473,300,300
21.03.2013 00:06:11.045 GMT+0800,1607.7620000000002,1607.443,200,300
21.03.2013 00:06:11.892 GMT+0800,1607.7479999999998,1607.443,300,300
21.03.2013 00:06:19.625 GMT+0800,1607.7020000000002,1607.3829999999998,300,300
21.03.2013 00:06:21.755 GMT+0800,1607.642,1607.342,300,200
21.03.2013 00:06:21.935 GMT+0800,1607.6129999999998,1607.3129999999999,300,200
21.03.2013 00:06:27.202 GMT+0800,1607.6100000000001,1607.306,300,300
21.03.2013 00:06:29.776 GMT+0800,1607.578,1607.278,300,800
21.03.2013 00:06:29.836 GMT+0800,1607.584,1607.283,400,200
21.03.2013 00:06:30.892 GMT+0800,1607.63,1607.283,300,300
21.03.2013 00:06:33.556 GMT+0800,1607.652,1607.352,300,200
21.03.2013 00:06:33.676 GMT+0800,1607.694,1607.352,300,300
21.03.2013 00:06:36.789 GMT+0800,1607.694,1607.39,300,400
21.03.2013 00:06:36.905 GMT+0800,1607.799,1607.4520000000002,700,400
21.03.2013 00:06:37.219 GMT+0800,1607.8020000000001,1607.453,300,300
21.03.2013 00:06:50.831 GMT+0800,1607.824,1607.473,300,300
21.03.2013 00:06:51.166 GMT+0800,1607.852,1607.5520000000001,300,500
21.03.2013 00:06:51.226 GMT+0800,1607.892,1607.588,300,300
21.03.2013 00:06:52.252 GMT+0800,1607.8760000000002,1607.576,300,200
21.03.2013 00:06:53.726 GMT+0800,1607.8760000000002,1607.5520000000001,300,400
21.03.2013 00:06:53.845 GMT+0800,1607.8229999999999,1607.523,300,200
21.03.2013 00:06:56.256 GMT+0800,1607.8229999999999,1607.457,300,400
21.03.2013 00:06:56.316 GMT+0800,1607.8010000000002,1607.4520000000002,300,300
21.03.2013 00:06:57.226 GMT+0800,1607.75,1607.443,300,300
21.03.2013 00:07:02.747 GMT+0800,1607.6370000000002,1607.3370000000002,200,600
21.03.2013 00:07:02.807 GMT+0800,1607.6879999999999,1607.384,700,300
21.03.2013 00:07:02.866 GMT+0800,1607.595,1607.295,300,200
21.03.2013 00:07:02.926 GMT+0800,1607.632,1607.3229999999999,300,300
21.03.2013 00:07:02.986 GMT+0800,1607.654,1607.3229999999999,300,300
21.03.2013 00:07:03.296 GMT+0800,1607.6370000000002,1607.3229999999999,300,300
21.03.2013 00:07:04.688 GMT+0800,1607.6329999999998,1607.3229999999999,300,300
21.03.2013 00:07:11.391 GMT+0800,1607.649,1607.3229999999999,300,300
21.03.2013 00:07:14.318 GMT+0800,1607.6779999999999,1607.3429999999998,300,300
21.03.2013 00:07:18.195 GMT+0800,1607.655,1607.352,300,300
21.03.2013 00:07:18.570 GMT+0800,1607.675,1607.352,300,300
21.03.2013 00:07:22.106 GMT+0800,1607.675,1607.3729999999998,300,200
21.03.2013 00:07:22.226 GMT+0800,1607.6979999999999,1607.3729999999998,300,300
21.03.2013 00:07:25.107 GMT+0800,1607.737,1607.423,300,300
21.03.2013 00:07:26.266 GMT+0800,1607.711,1607.411,300,700
21.03.2013 00:07:34.785 GMT+0800,1607.69,1607.39,300,700
21.03.2013 00:07:34.847 GMT+0800,1607.704,1607.403,400,200
21.03.2013 00:07:35.228 GMT+0800,1607.7060000000001,1607.403,300,300
21.03.2013 00:07:37.486 GMT+0800,1607.624,1607.3029999999999,300,300
21.03.2013 00:07:39.566 GMT+0800,1607.619,1607.3029999999999,300,300
21.03.2013 00:07:42.176 GMT+0800,1607.56,1607.253,300,300
21.03.2013 00:07:42.674 GMT+0800,1607.592,1607.253,300,300
21.03.2013 00:07:43.588 GMT+0800,1607.5629999999999,1607.233,300,300
21.03.2013 00:07:45.287 GMT+0800,1607.579,1607.233,300,300
21.03.2013 00:07:46.024 GMT+0800,1607.584,1607.253,300,300
21.03.2013 00:07:48.206 GMT+0800,1607.5629999999999,1607.253,300,300
21.03.2013 00:07:49.227 GMT+0800,1607.5910000000001,1607.253,300,300
21.03.2013 00:07:54.946 GMT+0800,1607.608,1607.293,300,300
21.03.2013 00:08:00.258 GMT+0800,1607.6370000000002,1607.293,300,300
21.03.2013 00:08:00.623 GMT+0800,1607.68,1607.352,300,300
21.03.2013 00:08:01.188 GMT+0800,1607.6979999999999,1607.352,300,300
21.03.2013 00:08:04.836 GMT+0800,1607.7160000000001,1607.403,300,300
21.03.2013 00:08:08.986 GMT+0800,1607.694,1607.393,300,700
21.03.2013 00:08:11.035 GMT+0800,1607.711,1607.403,300,300
21.03.2013 00:08:11.156 GMT+0800,1607.723,1607.423,300,200
21.03.2013 00:08:11.216 GMT+0800,1607.729,1607.423,300,300
21.03.2013 00:08:11.276 GMT+0800,1607.713,1607.413,300,800
21.03.2013 00:08:11.457 GMT+0800,1607.7320000000002,1607.393,300,300
21.03.2013 00:08:11.516 GMT+0800,1607.693,1607.393,300,200
21.03.2013 00:08:11.891 GMT+0800,1607.6870000000001,1607.3829999999998,300,700
21.03.2013 00:08:11.987 GMT+0800,1607.6870000000001,1607.352,300,900
21.03.2013 00:08:14.244 GMT+0800,1607.693,1607.393,300,200
21.03.2013 00:08:17.847 GMT+0800,1607.7160000000001,1607.393,300,300
21.03.2013 00:08:17.966 GMT+0800,1607.7520000000002,1607.4520000000002,300,200
21.03.2013 00:08:18.026 GMT+0800,1607.754,1607.4520000000002,300,200
21.03.2013 00:08:18.540 GMT+0800,1607.754,1607.443,300,300
21.03.2013 00:08:28.906 GMT+0800,1607.73,1607.43,300,200
21.03.2013 00:08:28.966 GMT+0800,1607.73,1607.413,300,300
21.03.2013 00:08:29.833 GMT+0800,1607.7120000000002,1607.408,300,300
21.03.2013 00:08:29.956 GMT+0800,1607.7120000000002,1607.3829999999998,300,300
21.03.2013 00:08:30.276 GMT+0800,1607.6779999999999,1607.3329999999999,300,300
21.03.2013 00:08:33.406 GMT+0800,1607.724,1607.3629999999998,300,300
21.03.2013 00:08:34.136 GMT+0800,1607.704,1607.352,300,300
21.03.2013 00:08:34.469 GMT+0800,1607.68,1607.3329999999999,300,300
21.03.2013 00:08:36.191 GMT+0800,1607.6970000000001,1607.3329999999999,300,300
21.03.2013 00:08:36.616 GMT+0800,1607.68,1607.314,300,400
21.03.2013 00:08:37.057 GMT+0800,1607.6870000000001,1607.332,300,300
21.03.2013 00:08:39.527 GMT+0800,1607.619,1607.3129999999999,300,300
21.03.2013 00:08:40.499 GMT+0800,1607.6329999999998,1607.273,800,300
21.03.2013 00:08:43.456 GMT+0800,1607.6170000000002,1607.259,300,300
21.03.2013 00:08:43.817 GMT+0800,1607.6170000000002,1607.279,300,300
21.03.2013 00:08:46.167 GMT+0800,1607.6170000000002,1607.306,300,300
21.03.2013 00:08:48.609 GMT+0800,1607.648,1607.326,300,300
21.03.2013 00:08:49.020 GMT+0800,1607.648,1607.3129999999999,300,200
21.03.2013 00:08:50.326 GMT+0800,1607.648,1607.2870000000003,600,300
21.03.2013 00:08:50.978 GMT+0800,1607.548,1607.243,200,200
21.03.2013 00:08:51.366 GMT+0800,1607.548,1607.24,300,300
21.03.2013 00:08:51.726 GMT+0800,1607.6170000000002,1607.267,300,300
21.03.2013 00:08:53.346 GMT+0800,1607.548,1607.247,200,800
21.03.2013 00:08:55.416 GMT+0800,1607.57,1607.263,400,300
21.03.2013 00:08:59.368 GMT+0800,1607.5120000000002,1607.203,300,300
21.03.2013 00:09:00.316 GMT+0800,1607.564,1607.263,400,200
21.03.2013 00:09:00.376 GMT+0800,1607.589,1607.263,300,300
21.03.2013 00:09:00.567 GMT+0800,1607.605,1607.263,300,300
21.03.2013 00:09:01.247 GMT+0800,1607.5670000000002,1607.263,300,300
21.03.2013 00:09:02.024 GMT+0800,1607.589,1607.263,300,300
21.03.2013 00:09:02.326 GMT+0800,1607.538,1607.234,300,300
21.03.2013 00:09:03.945 GMT+0800,1607.5520000000001,1607.2520000000002,300,200
21.03.2013 00:09:04.126 GMT+0800,1607.576,1607.2520000000002,300,300
21.03.2013 00:09:06.346 GMT+0800,1607.592,1607.2520000000002,300,400
21.03.2013 00:09:07.266 GMT+0800,1607.574,1607.2520000000002,300,300
21.03.2013 00:09:09.700 GMT+0800,1607.4750000000001,1607.175,300,800
21.03.2013 00:09:10.672 GMT+0800,1607.4750000000001,1607.163,300,300
21.03.2013 00:09:11.206 GMT+0800,1607.38,1607.08,300,800
21.03.2013 00:09:11.486 GMT+0800,1607.4170000000001,1607.1170000000002,300,800
21.03.2013 00:09:11.546 GMT+0800,1607.48,1607.152,300,300
21.03.2013 00:09:12.036 GMT+0800,1607.421,1607.121,300,800
21.03.2013 00:09:15.565 GMT+0800,1607.453,1607.152,400,500
21.03.2013 00:09:15.777 GMT+0800,1607.487,1607.163,300,300
21.03.2013 00:09:16.126 GMT+0800,1607.493,1607.193,300,200
21.03.2013 00:09:18.326 GMT+0800,1607.4160000000002,1607.116,300,700
21.03.2013 00:09:18.456 GMT+0800,1607.444,1607.143,400,200
21.03.2013 00:09:18.576 GMT+0800,1607.4,1607.1000000000001,300,800
21.03.2013 00:09:20.824 GMT+0800,1607.414,1607.1129999999998,400,200
21.03.2013 00:09:20.946 GMT+0800,1607.3770000000002,1607.0770000000002,300,200
21.03.2013 00:09:21.027 GMT+0800,1607.393,1607.0929999999998,300,700
21.03.2013 00:09:24.957 GMT+0800,1607.375,1607.075,300,800
21.03.2013 00:09:25.768 GMT+0800,1607.395,1607.095,300,700
21.03.2013 00:09:25.946 GMT+0800,1607.4220000000003,1607.1129999999998,300,300
21.03.2013 00:09:26.556 GMT+0800,1607.444,1607.143,400,200
21.03.2013 00:09:26.676 GMT+0800,1607.457,1607.143,300,300
21.03.2013 00:09:26.808 GMT+0800,1607.425,1607.125,300,800
21.03.2013 00:09:29.596 GMT+0800,1607.453,1607.152,400,200
21.03.2013 00:09:29.737 GMT+0800,1607.4620000000002,1607.152,300,300
21.03.2013 00:09:30.386 GMT+0800,1607.4779999999998,1607.152,300,300
21.03.2013 00:09:34.697 GMT+0800,1607.527,1607.163,300,300
21.03.2013 00:09:35.126 GMT+0800,1607.5929999999998,1607.293,300,200
21.03.2013 00:09:37.576 GMT+0800,1607.665,1607.361,400,300
21.03.2013 00:09:37.636 GMT+0800,1607.6670000000001,1607.361,300,300
21.03.2013 00:09:39.016 GMT+0800,1607.707,1607.4070000000002,300,700
21.03.2013 00:09:39.187 GMT+0800,1607.707,1607.3729999999998,300,300
21.03.2013 00:09:39.247 GMT+0800,1607.655,1607.355,300,800
21.03.2013 00:09:40.217 GMT+0800,1607.671,1607.3670000000002,300,300
21.03.2013 00:09:42.434 GMT+0800,1607.71,1607.3729999999998,300,300
21.03.2013 00:09:44.954 GMT+0800,1607.685,1607.3729999999998,300,300
21.03.2013 00:09:47.463 GMT+0800,1607.703,1607.403,300,200
21.03.2013 00:09:47.586 GMT+0800,1607.7079999999999,1607.403,300,300
21.03.2013 00:09:50.434 GMT+0800,1607.763,1607.463,200,200
21.03.2013 00:09:50.606 GMT+0800,1607.779,1607.463,300,300
21.03.2013 00:09:52.766 GMT+0800,1607.8,1607.483,300,300
21.03.2013 00:09:55.056 GMT+0800,1607.818,1607.483,300,300
21.03.2013 00:09:55.616 GMT+0800,1607.795,1607.483,300,300
21.03.2013 00:09:57.856 GMT+0800,1607.8170000000002,1607.503,300,300
21.03.2013 00:09:58.607 GMT+0800,1607.774,1607.474,300,800
21.03.2013 00:09:58.911 GMT+0800,1607.754,1607.453,400,200
21.03.2013 00:09:59.473 GMT+0800,1607.734,1607.433,400,200
21.03.2013 00:10:00.023 GMT+0800,1607.724,1607.413,300,300
21.03.2013 00:10:00.206 GMT+0800,1607.638,1607.338,300,800
21.03.2013 00:10:00.386 GMT+0800,1607.5829999999999,1607.283,300,200
21.03.2013 00:10:00.573 GMT+0800,1607.5729999999999,1607.263,300,300
21.03.2013 00:10:02.445 GMT+0800,1607.545,1607.2450000000001,300,200
21.03.2013 00:10:02.566 GMT+0800,1607.545,1607.241,300,300
21.03.2013 00:10:02.626 GMT+0800,1607.464,1607.164,300,700
21.03.2013 00:10:02.696 GMT+0800,1607.474,1607.173,400,200
21.03.2013 00:10:02.826 GMT+0800,1607.4320000000002,1607.132,300,200
21.03.2013 00:10:03.366 GMT+0800,1607.454,1607.153,400,200
21.03.2013 00:10:03.426 GMT+0800,1607.444,1607.143,300,800
21.03.2013 00:10:03.776 GMT+0800,1607.5120000000002,1607.153,300,300
21.03.2013 00:10:03.956 GMT+0800,1607.528,1607.193,300,300
21.03.2013 00:10:05.181 GMT+0800,1607.5110000000002,1607.193,300,300
21.03.2013 00:10:05.576 GMT+0800,1607.4679999999998,1607.164,300,300
21.03.2013 00:10:05.636 GMT+0800,1607.5220000000002,1607.213,300,300
21.03.2013 00:10:06.767 GMT+0800,1607.503,1607.203,300,800
21.03.2013 00:10:09.483 GMT+0800,1607.503,1607.183,300,300
21.03.2013 00:10:09.536 GMT+0800,1607.471,1607.171,300,600
21.03.2013 00:10:10.082 GMT+0800,1607.443,1607.143,300,200
21.03.2013 00:10:10.577 GMT+0800,1607.425,1607.1229999999998,300,200
21.03.2013 00:10:10.636 GMT+0800,1607.399,1607.099,300,800
21.03.2013 00:10:11.156 GMT+0800,1607.382,1607.082,300,200
21.03.2013 00:10:11.216 GMT+0800,1607.421,1607.1170000000002,300,300
21.03.2013 00:10:12.162 GMT+0800,1607.403,1607.1029999999998,300,800
21.03.2013 00:10:12.436 GMT+0800,1607.421,1607.1170000000002,300,300
21.03.2013 00:10:13.476 GMT+0800,1607.4170000000001,1607.0629999999999,200,200
21.03.2013 00:10:13.536 GMT+0800,1607.3729999999998,1607.0629999999999,300,300
21.03.2013 00:10:14.386 GMT+0800,1607.352,1607.0520000000001,300,200
21.03.2013 00:10:14.446 GMT+0800,1607.352,1607.0520000000001,300,200
21.03.2013 00:10:15.507 GMT+0800,1607.348,1607.043,300,300
21.03.2013 00:10:15.797 GMT+0800,1607.315,1607.015,300,200
21.03.2013 00:10:21.347 GMT+0800,1607.3429999999998,1607.043,300,200
21.03.2013 00:10:21.466 GMT+0800,1607.3700000000001,1607.0629999999999,300,300
21.03.2013 00:10:21.926 GMT+0800,1607.3429999999998,1607.043,300,200
21.03.2013 00:10:22.846 GMT+0800,1607.3729999999998,1607.0520000000001,300,300
21.03.2013 00:10:24.518 GMT+0800,1607.3570000000002,1607.0520000000001,300,300
21.03.2013 00:10:25.766 GMT+0800,1607.336,1607.033,300,800
21.03.2013 00:10:27.305 GMT+0800,1607.352,1607.0520000000001,300,200
21.03.2013 00:10:27.366 GMT+0800,1607.3370000000002,1607.0370000000003,300,200
21.03.2013 00:10:27.426 GMT+0800,1607.3570000000002,1607.0520000000001,300,300
21.03.2013 00:10:27.916 GMT+0800,1607.325,1607.025,300,200
21.03.2013 00:10:27.976 GMT+0800,1607.325,1607.025,300,700
21.03.2013 00:10:29.626 GMT+0800,1607.3529999999998,1607.0520000000001,400,200
21.03.2013 00:10:29.698 GMT+0800,1607.3529999999998,1607.0520000000001,300,200
21.03.2013 00:10:31.107 GMT+0800,1607.3529999999998,1607.043,300,300
21.03.2013 00:10:31.288 GMT+0800,1607.3120000000001,1607.0120000000002,300,700
21.03.2013 00:10:33.966 GMT+0800,1607.305,1607.005,300,700
21.03.2013 00:10:34.292 GMT+0800,1607.257,1606.9520000000002,200,600
21.03.2013 00:10:34.406 GMT+0800,1607.257,1606.9520000000002,200,600
21.03.2013 00:10:36.603 GMT+0800,1607.207,1606.9060000000002,200,400
21.03.2013 00:10:39.573 GMT+0800,1607.1870000000001,1606.8870000000002,200,300
21.03.2013 00:10:45.661 GMT+0800,1607.247,1606.9460000000001,700,300
21.03.2013 00:10:45.726 GMT+0800,1607.1870000000001,1606.884,300,300
21.03.2013 00:10:46.268 GMT+0800,1607.204,1606.904,200,300
21.03.2013 00:10:46.856 GMT+0800,1607.1370000000002,1606.8370000000002,200,300
21.03.2013 00:10:51.127 GMT+0800,1607.175,1606.875,700,300
21.03.2013 00:10:51.186 GMT+0800,1607.152,1606.852,200,800
21.03.2013 00:10:51.786 GMT+0800,1607.1170000000002,1606.8170000000002,200,300
21.03.2013 00:10:52.956 GMT+0800,1607.1660000000002,1606.866,700,300
21.03.2013 00:10:53.316 GMT+0800,1607.152,1606.852,700,800
21.03.2013 00:10:53.845 GMT+0800,1607.2520000000002,1606.9520000000002,700,200
21.03.2013 00:10:54.197 GMT+0800,1607.1470000000002,1606.8470000000002,200,300
21.03.2013 00:10:54.576 GMT+0800,1607.26,1606.9520000000002,800,300
21.03.2013 00:10:54.766 GMT+0800,1607.1670000000001,1606.8670000000002,700,300
21.03.2013 00:10:55.087 GMT+0800,1607.1170000000002,1606.8170000000002,200,800
21.03.2013 00:10:55.237 GMT+0800,1607.191,1606.852,600,900
21.03.2013 00:10:55.356 GMT+0800,1607.2079999999999,1606.852,600,700
21.03.2013 00:10:55.856 GMT+0800,1607.18,1606.852,200,700
21.03.2013 00:10:56.526 GMT+0800,1607.0970000000002,1606.7970000000003,200,200
21.03.2013 00:10:56.676 GMT+0800,1607.16,1606.852,200,300
21.03.2013 00:10:57.282 GMT+0800,1607.0670000000002,1606.767,200,300
21.03.2013 00:10:57.786 GMT+0800,1607.1779999999999,1606.852,800,300
21.03.2013 00:10:58.383 GMT+0800,1607.0470000000003,1606.746,200,400
21.03.2013 00:10:58.506 GMT+0800,1607.1370000000002,1606.836,700,300
21.03.2013 00:10:58.566 GMT+0800,1607.1100000000001,1606.7520000000002,200,900
21.03.2013 00:10:58.626 GMT+0800,1607.027,1606.727,200,800
21.03.2013 00:10:58.963 GMT+0800,1607.0629999999999,1606.763,200,300
21.03.2013 00:10:59.855 GMT+0800,1607.1100000000001,1606.7520000000002,600,900
21.03.2013 00:11:00.362 GMT+0800,1607.007,1606.7060000000001,200,900
21.03.2013 00:11:10.773 GMT+0800,1607.0929999999998,1606.7520000000002,700,900
21.03.2013 00:11:22.588 GMT+0800,1606.9750000000001,1606.671,300,900
21.03.2013 00:11:22.706 GMT+0800,1606.8010000000002,1606.4520000000002,200,700
21.03.2013 00:11:22.766 GMT+0800,1606.737,1606.4370000000001,200,600
21.03.2013 00:11:22.947 GMT+0800,1606.737,1606.3860000000002,300,300
21.03.2013 00:11:23.086 GMT+0800,1606.7350000000001,1606.369,300,400
21.03.2013 00:11:23.436 GMT+0800,1606.703,1606.352,700,900
21.03.2013 00:11:24.847 GMT+0800,1606.652,1606.352,700,800
21.03.2013 00:11:27.688 GMT+0800,1606.6870000000001,1606.3860000000002,200,400
21.03.2013 00:11:30.908 GMT+0800,1606.6870000000001,1606.378,300,300
21.03.2013 00:11:32.376 GMT+0800,1606.7060000000001,1606.352,700,700
21.03.2013 00:11:33.304 GMT+0800,1606.6870000000001,1606.365,300,300
21.03.2013 00:11:33.688 GMT+0800,1606.6960000000001,1606.392,300,300
21.03.2013 00:11:34.389 GMT+0800,1606.707,1606.4070000000002,200,300
21.03.2013 00:11:35.946 GMT+0800,1606.707,1606.378,300,300
21.03.2013 00:11:36.879 GMT+0800,1606.6870000000001,1606.362,300,300
21.03.2013 00:11:38.958 GMT+0800,1606.707,1606.352,700,700
21.03.2013 00:11:39.418 GMT+0800,1606.605,1606.305,300,200
21.03.2013 00:11:39.536 GMT+0800,1606.605,1606.3029999999999,300,800
21.03.2013 00:11:39.596 GMT+0800,1606.5570000000002,1606.2520000000002,200,500
21.03.2013 00:11:41.888 GMT+0800,1606.727,1606.4270000000001,200,300
21.03.2013 00:11:41.966 GMT+0800,1606.6670000000001,1606.3670000000002,200,300
21.03.2013 00:11:42.026 GMT+0800,1606.6670000000001,1606.3670000000002,200,300
21.03.2013 00:11:42.086 GMT+0800,1606.747,1606.39,300,300
21.03.2013 00:11:42.336 GMT+0800,1606.6570000000002,1606.352,200,300
21.03.2013 00:11:43.324 GMT+0800,1606.6670000000001,1606.3670000000002,800,300
21.03.2013 00:11:43.536 GMT+0800,1606.6870000000001,1606.3670000000002,300,300
21.03.2013 00:11:44.189 GMT+0800,1606.7520000000002,1606.4520000000002,700,300
21.03.2013 00:11:44.306 GMT+0800,1606.737,1606.4360000000001,200,400
21.03.2013 00:11:46.066 GMT+0800,1606.775,1606.4520000000002,300,700
21.03.2013 00:11:47.186 GMT+0800,1606.777,1606.473,800,300
21.03.2013 00:11:47.366 GMT+0800,1606.8070000000002,1606.454,300,300
21.03.2013 00:11:47.426 GMT+0800,1606.7970000000003,1606.4520000000002,300,900
21.03.2013 00:11:47.727 GMT+0800,1606.8070000000002,1606.507,200,300
21.03.2013 00:11:47.846 GMT+0800,1606.8329999999999,1606.467,300,400
21.03.2013 00:11:48.086 GMT+0800,1606.7820000000002,1606.4520000000002,300,400
21.03.2013 00:11:48.566 GMT+0800,1606.799,1606.4520000000002,900,300
21.03.2013 00:11:48.907 GMT+0800,1606.852,1606.5520000000001,700,600
21.03.2013 00:11:49.038 GMT+0800,1606.89,1606.5520000000001,700,700
21.03.2013 00:11:52.098 GMT+0800,1606.8760000000002,1606.5520000000001,300,600
21.03.2013 00:11:54.164 GMT+0800,1606.8329999999999,1606.529,300,300
21.03.2013 00:11:54.226 GMT+0800,1606.8329999999999,1606.513,300,300
21.03.2013 00:11:54.466 GMT+0800,1606.799,1606.4520000000002,300,600
21.03.2013 00:11:55.024 GMT+0800,1606.757,1606.4520000000002,200,500
21.03.2013 00:11:57.596 GMT+0800,1606.76,1606.4520000000002,700,300
21.03.2013 00:11:57.966 GMT+0800,1606.727,1606.3760000000002,300,300
21.03.2013 00:12:00.356 GMT+0800,1606.7160000000001,1606.3529999999998,300,300
21.03.2013 00:12:00.707 GMT+0800,1606.689,1606.352,300,900
21.03.2013 00:12:02.046 GMT+0800,1606.703,1606.352,200,900
21.03.2013 00:12:02.730 GMT+0800,1606.6970000000001,1606.361,300,300
21.03.2013 00:12:03.176 GMT+0800,1606.717,1606.364,300,300
21.03.2013 00:12:04.093 GMT+0800,1606.7520000000002,1606.4520000000002,200,200
21.03.2013 00:12:04.217 GMT+0800,1606.78,1606.4520000000002,200,600
21.03.2013 00:12:04.276 GMT+0800,1606.799,1606.4520000000002,800,600
21.03.2013 00:12:04.526 GMT+0800,1606.707,1606.4070000000002,200,300
21.03.2013 00:12:04.646 GMT+0800,1606.694,1606.352,300,900
21.03.2013 00:12:09.788 GMT+0800,1606.707,1606.352,700,900
21.03.2013 00:12:12.918 GMT+0800,1606.707,1606.3760000000002,300,300
21.03.2013 00:12:13.451 GMT+0800,1606.707,1606.354,300,300
21.03.2013 00:12:14.547 GMT+0800,1606.703,1606.352,300,900
21.03.2013 00:12:24.026 GMT+0800,1606.836,1606.536,700,300
21.03.2013 00:12:24.086 GMT+0800,1606.864,1606.5629999999999,300,200
21.03.2013 00:12:24.206 GMT+0800,1606.819,1606.483,300,300
21.03.2013 00:12:24.516 GMT+0800,1606.854,1606.5520000000001,300,600
21.03.2013 00:12:24.576 GMT+0800,1606.895,1606.5520000000001,700,700
21.03.2013 00:12:25.671 GMT+0800,1606.914,1606.6129999999998,400,200
21.03.2013 00:12:29.961 GMT+0800,1606.934,1606.6329999999998,400,200
21.03.2013 00:12:30.076 GMT+0800,1606.898,1606.5629999999999,300,300
21.03.2013 00:12:30.136 GMT+0800,1606.9170000000001,1606.5629999999999,800,300
21.03.2013 00:12:30.489 GMT+0800,1606.8329999999999,1606.533,300,200
21.03.2013 00:12:31.097 GMT+0800,1606.8629999999998,1606.533,300,300
21.03.2013 00:12:31.276 GMT+0800,1606.846,1606.513,300,300
21.03.2013 00:12:32.817 GMT+0800,1606.8500000000001,1606.533,300,300
21.03.2013 00:12:33.896 GMT+0800,1606.875,1606.5520000000001,300,400
21.03.2013 00:12:34.646 GMT+0800,1606.844,1606.533,300,300
21.03.2013 00:12:36.576 GMT+0800,1606.825,1606.523,300,700
21.03.2013 00:12:38.322 GMT+0800,1606.825,1606.513,300,300
21.03.2013 00:12:38.386 GMT+0800,1606.8020000000001,1606.5020000000002,300,200
21.03.2013 00:12:38.566 GMT+0800,1606.8210000000001,1606.513,300,300
21.03.2013 00:12:38.716 GMT+0800,1606.8,1606.5,300,200
21.03.2013 00:12:39.757 GMT+0800,1606.818,1606.513,300,300
21.03.2013 00:12:40.207 GMT+0800,1606.8010000000002,1606.5010000000002,300,700
21.03.2013 00:12:40.630 GMT+0800,1606.8010000000002,1606.483,300,300
21.03.2013 00:12:42.576 GMT+0800,1606.7479999999998,1606.433,300,300
21.03.2013 00:12:44.268 GMT+0800,1606.765,1606.433,300,300
21.03.2013 00:12:45.124 GMT+0800,1606.785,1606.4520000000002,300,300
21.03.2013 00:12:46.296 GMT+0800,1606.8010000000002,1606.463,300,300
21.03.2013 00:12:46.912 GMT+0800,1606.8429999999998,1606.503,300,300
21.03.2013 00:12:48.818 GMT+0800,1606.875,1606.533,300,300
21.03.2013 00:12:50.127 GMT+0800,1606.892,1606.5520000000001,300,300
21.03.2013 00:12:52.786 GMT+0800,1606.9479999999999,1606.631,700,300
21.03.2013 00:12:53.786 GMT+0800,1606.9379999999999,1606.634,300,300
21.03.2013 00:12:54.786 GMT+0800,1606.9520000000002,1606.652,300,200
21.03.2013 00:12:54.906 GMT+0800,1606.961,1606.652,300,300
21.03.2013 00:12:55.007 GMT+0800,1606.977,1606.652,300,300
21.03.2013 00:12:56.556 GMT+0800,1606.955,1606.643,300,300
21.03.2013 00:12:57.047 GMT+0800,1606.939,1606.635,300,300
21.03.2013 00:12:57.376 GMT+0800,1606.971,1606.652,300,300
21.03.2013 00:12:57.857 GMT+0800,1606.893,1606.5929999999998,300,600
21.03.2013 00:12:58.576 GMT+0800,1606.923,1606.6229999999998,300,200
21.03.2013 00:12:58.636 GMT+0800,1606.9089999999999,1606.609,300,600
21.03.2013 00:12:58.696 GMT+0800,1606.95,1606.6229999999998,300,300
21.03.2013 00:13:00.346 GMT+0800,1606.921,1606.6170000000002,300,300
21.03.2013 00:13:00.697 GMT+0800,1606.899,1606.599,300,600
21.03.2013 00:13:01.251 GMT+0800,1606.8829999999998,1606.5829999999999,300,700
21.03.2013 00:13:04.061 GMT+0800,1606.8829999999998,1606.5629999999999,300,300
21.03.2013 00:13:05.216 GMT+0800,1606.899,1606.5629999999999,300,300
21.03.2013 00:13:08.464 GMT+0800,1606.882,1606.5629999999999,300,300
21.03.2013 00:13:08.806 GMT+0800,1606.9070000000002,1606.5829999999999,300,300
21.03.2013 00:13:09.330 GMT+0800,1606.923,1606.6229999999998,300,200
21.03.2013 00:13:11.912 GMT+0800,1606.9260000000002,1606.6229999999998,300,300
21.03.2013 00:13:12.026 GMT+0800,1606.9560000000001,1606.6229999999998,300,300
21.03.2013 00:13:12.738 GMT+0800,1606.9920000000002,1606.652,300,300
21.03.2013 00:13:17.609 GMT+0800,1606.848,1606.548,300,200
21.03.2013 00:13:17.746 GMT+0800,1606.814,1606.513,400,200
21.03.2013 00:13:17.991 GMT+0800,1606.8029999999999,1606.503,300,700
21.03.2013 00:13:19.796 GMT+0800,1606.82,1606.516,300,900
21.03.2013 00:13:19.916 GMT+0800,1606.924,1606.6229999999998,300,200
21.03.2013 00:13:20.081 GMT+0800,1606.901,1606.601,300,200
21.03.2013 00:13:20.748 GMT+0800,1606.9170000000001,1606.6129999999998,300,800
21.03.2013 00:13:21.330 GMT+0800,1606.8870000000002,1606.5520000000001,300,800
21.03.2013 00:13:21.386 GMT+0800,1606.81,1606.503,300,300
21.03.2013 00:13:22.416 GMT+0800,1606.8529999999998,1606.5520000000001,400,500
21.03.2013 00:13:22.476 GMT+0800,1606.8829999999998,1606.5520000000001,300,600
21.03.2013 00:13:23.366 GMT+0800,1606.903,1606.6029999999998,300,200
21.03.2013 00:13:23.487 GMT+0800,1606.9060000000002,1606.6029999999998,300,300
21.03.2013 00:13:27.490 GMT+0800,1606.924,1606.6229999999998,400,200
21.03.2013 00:13:27.626 GMT+0800,1606.931,1606.6229999999998,300,300
21.03.2013 00:13:27.770 GMT+0800,1606.9479999999999,1606.6229999999998,200,300
21.03.2013 00:13:28.198 GMT+0800,1606.953,1606.652,400,200
21.03.2013 00:13:28.288 GMT+0800,1606.9679999999998,1606.652,300,300
21.03.2013 00:13:31.196 GMT+0800,1606.9479999999999,1606.6470000000002,200,300
21.03.2013 00:13:32.248 GMT+0800,1606.924,1606.6229999999998,300,200
21.03.2013 00:13:32.426 GMT+0800,1607,1606.663,300,300
21.03.2013 00:13:40.666 GMT+0800,1606.8860000000002,1606.586,300,200
21.03.2013 00:13:52.366 GMT+0800,1606.934,1606.6329999999998,400,200
21.03.2013 00:13:52.433 GMT+0800,1606.935,1606.6329999999998,300,200
21.03.2013 00:13:53.318 GMT+0800,1606.9120000000003,1606.612,300,700
21.03.2013 00:13:57.172 GMT+0800,1606.904,1606.6029999999998,400,200
21.03.2013 00:14:04.118 GMT+0800,1606.8370000000002,1606.536,200,700
21.03.2013 00:14:04.237 GMT+0800,1606.7810000000002,1606.463,300,300
21.03.2013 00:14:04.867 GMT+0800,1606.8370000000002,1606.479,300,300
21.03.2013 00:14:05.206 GMT+0800,1606.828,1606.493,300,300
21.03.2013 00:14:06.156 GMT+0800,1606.848,1606.493,200,300
21.03.2013 00:14:06.889 GMT+0800,1606.8270000000002,1606.513,300,300
21.03.2013 00:14:07.599 GMT+0800,1606.846,1606.533,300,300
21.03.2013 00:14:11.413 GMT+0800,1606.852,1606.5520000000001,300,200
21.03.2013 00:14:11.537 GMT+0800,1606.846,1606.533,300,300
21.03.2013 00:14:11.656 GMT+0800,1606.8210000000001,1606.5210000000002,300,700
21.03.2013 00:14:11.716 GMT+0800,1606.8229999999999,1606.523,300,200
21.03.2013 00:14:13.747 GMT+0800,1606.8529999999998,1606.5520000000001,400,200
21.03.2013 00:14:13.866 GMT+0800,1606.898,1606.5629999999999,200,300
21.03.2013 00:14:20.296 GMT+0800,1606.913,1606.6129999999998,300,200
21.03.2013 00:14:20.426 GMT+0800,1606.95,1606.6129999999998,300,300
21.03.2013 00:14:24.446 GMT+0800,1606.9370000000001,1606.6329999999998,300,300
21.03.2013 00:14:25.077 GMT+0800,1606.918,1606.618,300,200
21.03.2013 00:14:25.162 GMT+0800,1606.895,1606.5929999999998,300,200
21.03.2013 00:14:28.882 GMT+0800,1606.953,1606.652,400,200
21.03.2013 00:14:29.106 GMT+0800,1606.996,1606.652,300,300
21.03.2013 00:14:30.176 GMT+0800,1607.004,1606.703,400,200
21.03.2013 00:14:30.236 GMT+0800,1607.033,1606.703,300,300
21.03.2013 00:14:36.616 GMT+0800,1607.054,1606.723,300,300
21.03.2013 00:14:37.297 GMT+0800,1606.9679999999998,1606.668,300,200
21.03.2013 00:14:37.356 GMT+0800,1606.9679999999998,1606.663,300,300
21.03.2013 00:14:42.596 GMT+0800,1606.934,1606.6329999999998,400,200
21.03.2013 00:14:45.166 GMT+0800,1606.9520000000002,1606.652,300,200
21.03.2013 00:14:45.226 GMT+0800,1606.976,1606.652,300,300
21.03.2013 00:15:01.947 GMT+0800,1606.929,1606.629,300,200
21.03.2013 00:15:02.006 GMT+0800,1606.929,1606.625,300,300
21.03.2013 00:15:02.536 GMT+0800,1606.971,1606.652,300,300
21.03.2013 00:15:02.596 GMT+0800,1606.953,1606.652,300,200
21.03.2013 00:15:02.656 GMT+0800,1606.953,1606.6329999999998,300,300
21.03.2013 00:15:03.318 GMT+0800,1606.953,1606.653,300,200
21.03.2013 00:15:03.379 GMT+0800,1606.9750000000001,1606.653,300,300
21.03.2013 00:15:03.437 GMT+0800,1606.991,1606.653,300,300
21.03.2013 00:15:10.078 GMT+0800,1607.0470000000003,1606.7420000000002,300,300
21.03.2013 00:15:15.522 GMT+0800,1607.129,1606.8029999999999,300,300
21.03.2013 00:15:15.878 GMT+0800,1607.149,1606.8329999999999,300,300
21.03.2013 00:15:17.786 GMT+0800,1607.226,1606.8600000000001,300,400
21.03.2013 00:15:18.357 GMT+0800,1607.1670000000001,1606.856,300,300
21.03.2013 00:15:18.788 GMT+0800,1607.1270000000002,1606.8270000000002,200,300
21.03.2013 00:15:19.047 GMT+0800,1607.1570000000002,1606.856,200,400
21.03.2013 00:15:19.706 GMT+0800,1607.1779999999999,1606.878,800,300
21.03.2013 00:15:20.516 GMT+0800,1607.1660000000002,1606.862,300,300
21.03.2013 00:15:21.058 GMT+0800,1607.181,1606.881,800,300
21.03.2013 00:15:21.476 GMT+0800,1607.1370000000002,1606.8370000000002,200,600
21.03.2013 00:15:21.536 GMT+0800,1607.16,1606.8600000000001,800,300
21.03.2013 00:15:21.718 GMT+0800,1607.183,1606.8829999999998,200,300
21.03.2013 00:15:24.537 GMT+0800,1607.1589999999999,1606.859,200,300
21.03.2013 00:15:27.299 GMT+0800,1607.1570000000002,1606.8570000000002,200,300
21.03.2013 00:15:27.633 GMT+0800,1607.1820000000002,1606.882,200,300
21.03.2013 00:15:28.593 GMT+0800,1607.183,1606.8829999999998,800,300
21.03.2013 00:15:30.496 GMT+0800,1607.1670000000001,1606.864,800,300
21.03.2013 00:15:31.896 GMT+0800,1607.1670000000001,1606.865,700,300
21.03.2013 00:15:31.956 GMT+0800,1607.1870000000001,1606.865,300,300
21.03.2013 00:15:35.630 GMT+0800,1607.1570000000002,1606.855,700,300
21.03.2013 00:15:36.207 GMT+0800,1607.2020000000002,1606.852,800,400
21.03.2013 00:15:37.586 GMT+0800,1607.1589999999999,1606.859,700,300
21.03.2013 00:15:39.068 GMT+0800,1607.1770000000001,1606.859,300,300
21.03.2013 00:15:39.126 GMT+0800,1607.1770000000001,1606.8760000000002,200,300
21.03.2013 00:15:56.509 GMT+0800,1607.1970000000001,1606.8760000000002,300,300
21.03.2013 00:15:56.569 GMT+0800,1607.1970000000001,1606.894,300,300
21.03.2013 00:15:57.659 GMT+0800,1607.199,1606.852,300,900
21.03.2013 00:15:58.038 GMT+0800,1607.108,1606.7520000000002,200,400
21.03.2013 00:15:58.548 GMT+0800,1607.0720000000001,1606.7720000000002,200,300
21.03.2013 00:15:58.861 GMT+0800,1607.1100000000001,1606.7520000000002,800,400
21.03.2013 00:16:00.296 GMT+0800,1607.084,1606.7839999999999,700,300
21.03.2013 00:16:00.358 GMT+0800,1607.0670000000002,1606.766,200,400
21.03.2013 00:16:03.420 GMT+0800,1607.0670000000002,1606.759,300,300
21.03.2013 00:16:05.676 GMT+0800,1607.08,1606.78,200,300
21.03.2013 00:16:15.797 GMT+0800,1607.0670000000002,1606.7520000000002,300,500
21.03.2013 00:16:16.405 GMT+0800,1607.018,1606.714,300,600
21.03.2013 00:16:16.543 GMT+0800,1607.018,1606.683,300,300
21.03.2013 00:16:20.069 GMT+0800,1606.9920000000002,1606.652,700,700
21.03.2013 00:16:20.889 GMT+0800,1606.957,1606.652,300,600
21.03.2013 00:16:22.637 GMT+0800,1606.984,1606.652,800,700
21.03.2013 00:16:22.968 GMT+0800,1607.007,1606.7,300,300
21.03.2013 00:16:23.276 GMT+0800,1607.007,1606.684,300,300
21.03.2013 00:16:24.240 GMT+0800,1607.0520000000001,1606.7520000000002,700,200
21.03.2013 00:16:25.551 GMT+0800,1607.098,1606.7520000000002,700,300
21.03.2013 00:16:25.868 GMT+0800,1607.0520000000001,1606.7520000000002,200,200
21.03.2013 00:16:26.515 GMT+0800,1607.092,1606.7520000000002,700,300
21.03.2013 00:16:27.877 GMT+0800,1606.997,1606.6970000000001,200,200
21.03.2013 00:16:27.936 GMT+0800,1607.007,1606.704,700,300
21.03.2013 00:16:28.024 GMT+0800,1606.997,1606.6820000000002,300,300
21.03.2013 00:16:30.578 GMT+0800,1607.004,1606.7,300,300
21.03.2013 00:16:32.326 GMT+0800,1607.099,1606.7520000000002,300,300
21.03.2013 00:16:33.166 GMT+0800,1607.0020000000002,1606.6979999999999,300,300
21.03.2013 00:16:33.226 GMT+0800,1606.997,1606.6820000000002,300,300
21.03.2013 00:16:40.457 GMT+0800,1607.019,1606.719,200,300
21.03.2013 00:16:41.176 GMT+0800,1607.006,1606.7020000000002,300,300
21.03.2013 00:16:41.236 GMT+0800,1606.997,1606.661,300,300
21.03.2013 00:16:42.539 GMT+0800,1606.991,1606.691,700,300
21.03.2013 00:16:45.207 GMT+0800,1606.977,1606.6720000000003,300,300
21.03.2013 00:16:47.874 GMT+0800,1606.993,1606.693,700,300
21.03.2013 00:16:48.247 GMT+0800,1606.977,1606.663,300,300
21.03.2013 00:16:50.116 GMT+0800,1606.977,1606.6660000000002,300,300
21.03.2013 00:16:51.227 GMT+0800,1606.993,1606.693,700,300
21.03.2013 00:16:52.737 GMT+0800,1607.007,1606.693,300,300
21.03.2013 00:16:55.818 GMT+0800,1607.007,1606.673,300,300
21.03.2013 00:16:56.477 GMT+0800,1607.007,1606.691,300,300
21.03.2013 00:16:59.647 GMT+0800,1607.016,1606.7120000000002,300,300
21.03.2013 00:17:00.188 GMT+0800,1607.007,1606.684,300,300
21.03.2013 00:17:00.306 GMT+0800,1607.007,1606.665,300,300
21.03.2013 00:17:00.956 GMT+0800,1607.007,1606.6970000000001,300,300
21.03.2013 00:17:07.380 GMT+0800,1607.007,1606.681,300,300
21.03.2013 00:17:08.589 GMT+0800,1607.007,1606.6570000000002,300,300
21.03.2013 00:17:09.060 GMT+0800,1607.007,1606.6770000000001,300,300
21.03.2013 00:17:10.222 GMT+0800,1607.0520000000001,1606.7520000000002,700,500
21.03.2013 00:17:10.347 GMT+0800,1607.0470000000003,1606.746,200,600
21.03.2013 00:17:10.538 GMT+0800,1607.088,1606.7520000000002,700,700
21.03.2013 00:17:11.227 GMT+0800,1607.027,1606.726,200,600
21.03.2013 00:17:11.527 GMT+0800,1607.027,1606.6779999999999,300,300
21.03.2013 00:17:12.687 GMT+0800,1607.027,1606.693,300,300
21.03.2013 00:17:14.677 GMT+0800,1606.997,1606.661,300,300
21.03.2013 00:17:24.057 GMT+0800,1607.01,1606.71,200,300
21.03.2013 00:17:29.117 GMT+0800,1606.893,1606.352,4999.9999,800
21.03.2013 00:17:29.387 GMT+0800,1606.6870000000001,1606.355,300,300
21.03.2013 00:17:29.506 GMT+0800,1606.6870000000001,1606.352,300,800
21.03.2013 00:17:30.157 GMT+0800,1606.695,1606.352,300,900
21.03.2013 00:17:31.075 GMT+0800,1606.6870000000001,1606.3529999999998,300,300
21.03.2013 00:17:31.398 GMT+0800,1606.7870000000003,1606.476,300,300
21.03.2013 00:17:31.706 GMT+0800,1606.8070000000002,1606.484,300,300
21.03.2013 00:17:32.127 GMT+0800,1606.806,1606.4520000000002,300,600
21.03.2013 00:17:32.443 GMT+0800,1606.7870000000003,1606.473,300,300
21.03.2013 00:17:34.058 GMT+0800,1606.7870000000003,1606.4520000000002,300,500
21.03.2013 00:17:39.087 GMT+0800,1606.8470000000002,1606.543,800,300
21.03.2013 00:17:39.147 GMT+0800,1606.8670000000002,1606.5520000000001,200,500
21.03.2013 00:17:43.517 GMT+0800,1606.8870000000002,1606.5520000000001,800,600
21.03.2013 00:17:45.687 GMT+0800,1606.648,1606.348,500,700
21.03.2013 00:17:45.817 GMT+0800,1606.606,1606.24,300,400
21.03.2013 00:17:46.707 GMT+0800,1606.652,1606.352,800,200
21.03.2013 00:17:46.767 GMT+0800,1606.6170000000002,1606.316,200,300
21.03.2013 00:17:46.945 GMT+0800,1606.685,1606.352,700,300
21.03.2013 00:17:47.567 GMT+0800,1606.6370000000002,1606.336,200,400
21.03.2013 00:17:50.077 GMT+0800,1606.7020000000002,1606.352,700,700
21.03.2013 00:17:50.197 GMT+0800,1606.6970000000001,1606.352,200,600
21.03.2013 00:17:51.020 GMT+0800,1606.6970000000001,1606.3629999999998,300,300
21.03.2013 00:17:51.455 GMT+0800,1606.753,1606.4520000000002,400,800
21.03.2013 00:17:51.517 GMT+0800,1606.8,1606.4520000000002,700,900
21.03.2013 00:17:59.947 GMT+0800,1606.777,1606.474,300,300
21.03.2013 00:18:00.943 GMT+0800,1606.8270000000002,1606.484,300,300
21.03.2013 00:18:01.688 GMT+0800,1606.8270000000002,1606.4920000000002,300,300
21.03.2013 00:18:21.986 GMT+0800,1606.8270000000002,1606.4879999999998,300,300
21.03.2013 00:18:34.197 GMT+0800,1606.854,1606.5520000000001,300,200
21.03.2013 00:18:34.257 GMT+0800,1606.889,1606.5520000000001,300,300
21.03.2013 00:18:36.199 GMT+0800,1606.9060000000002,1606.5729999999999,300,300
21.03.2013 00:18:36.788 GMT+0800,1606.8970000000002,1606.5729999999999,300,300
21.03.2013 00:18:38.367 GMT+0800,1606.915,1606.5929999999998,300,300
21.03.2013 00:18:38.727 GMT+0800,1606.943,1606.5929999999998,300,300
21.03.2013 00:18:40.477 GMT+0800,1606.923,1606.5929999999998,300,300
21.03.2013 00:18:40.823 GMT+0800,1606.944,1606.5929999999998,300,300
21.03.2013 00:18:42.347 GMT+0800,1606.9279999999999,1606.6229999999998,300,300
21.03.2013 00:18:42.900 GMT+0800,1606.865,1606.565,300,700
21.03.2013 00:18:45.797 GMT+0800,1606.865,1606.5629999999999,300,200
21.03.2013 00:18:45.908 GMT+0800,1606.848,1606.548,300,200
21.03.2013 00:18:46.349 GMT+0800,1606.866,1606.5629999999999,300,300
21.03.2013 00:18:46.587 GMT+0800,1606.845,1606.523,300,300
21.03.2013 00:18:48.581 GMT+0800,1606.8110000000001,1606.5110000000002,300,700
21.03.2013 00:18:53.224 GMT+0800,1606.834,1606.523,300,300
21.03.2013 00:18:53.400 GMT+0800,1606.8070000000002,1606.507,300,700
21.03.2013 00:18:58.370 GMT+0800,1606.79,1606.49,300,800
21.03.2013 00:18:58.755 GMT+0800,1606.767,1606.4520000000002,200,800
21.03.2013 00:18:58.817 GMT+0800,1606.754,1606.4520000000002,300,800
21.03.2013 00:18:58.877 GMT+0800,1606.719,1606.393,300,300
21.03.2013 00:19:00.367 GMT+0800,1606.651,1606.3470000000002,300,300
21.03.2013 00:19:01.065 GMT+0800,1606.651,1606.3329999999999,300,300
21.03.2013 00:19:02.268 GMT+0800,1606.648,1606.3329999999999,200,300
21.03.2013 00:19:04.768 GMT+0800,1606.624,1606.3229999999999,300,800
21.03.2013 00:19:06.985 GMT+0800,1606.645,1606.3329999999999,300,300
21.03.2013 00:19:10.237 GMT+0800,1606.663,1606.3329999999999,300,300
21.03.2013 00:19:14.097 GMT+0800,1606.683,1606.3329999999999,300,300
21.03.2013 00:19:15.040 GMT+0800,1606.658,1606.3529999999998,300,300
21.03.2013 00:19:16.003 GMT+0800,1606.694,1606.3529999999998,300,300
21.03.2013 00:19:16.537 GMT+0800,1606.717,1606.3729999999998,300,300
21.03.2013 00:19:19.059 GMT+0800,1606.714,1606.3829999999998,300,300
21.03.2013 00:19:19.927 GMT+0800,1606.7710000000002,1606.413,300,300
21.03.2013 00:19:22.819 GMT+0800,1606.75,1606.433,300,300
21.03.2013 00:19:24.847 GMT+0800,1606.77,1606.413,300,300
21.03.2013 00:19:26.112 GMT+0800,1606.765,1606.443,300,300
21.03.2013 00:19:26.601 GMT+0800,1606.814,1606.473,300,300
21.03.2013 00:19:31.626 GMT+0800,1606.845,1606.493,300,300
21.03.2013 00:19:33.613 GMT+0800,1606.868,1606.523,300,300
21.03.2013 00:19:34.087 GMT+0800,1606.836,1606.523,300,300
21.03.2013 00:19:38.636 GMT+0800,1607.1970000000001,1606.8370000000002,300,300
21.03.2013 00:19:38.948 GMT+0800,1607.185,1606.8529999999998,300,300
21.03.2013 00:19:43.957 GMT+0800,1607.145,1606.8429999999998,300,200
21.03.2013 00:19:44.268 GMT+0800,1607.1779999999999,1606.8429999999998,300,300
21.03.2013 00:19:44.917 GMT+0800,1607.194,1606.852,300,300
21.03.2013 00:19:46.177 GMT+0800,1607.204,1606.903,400,200
21.03.2013 00:19:47.498 GMT+0800,1607.2120000000002,1606.903,300,300
21.03.2013 00:19:51.977 GMT+0800,1607.234,1606.933,400,200
21.03.2013 00:19:52.037 GMT+0800,1607.246,1606.933,300,300
21.03.2013 00:19:52.797 GMT+0800,1607.2520000000002,1606.9520000000002,300,200
21.03.2013 00:19:52.857 GMT+0800,1607.2839999999999,1606.963,600,300
21.03.2013 00:19:52.954 GMT+0800,1607.3270000000002,1606.963,600,200
21.03.2013 00:19:53.364 GMT+0800,1607.2479999999998,1606.943,500,200
21.03.2013 00:19:55.547 GMT+0800,1607.264,1606.9520000000002,600,600
21.03.2013 00:19:55.967 GMT+0800,1607.2579999999998,1606.9520000000002,600,600
21.03.2013 00:20:01.198 GMT+0800,1607.2,1606.8829999999998,300,300
21.03.2013 00:20:01.682 GMT+0800,1607.1570000000002,1606.8570000000002,300,800
21.03.2013 00:20:01.737 GMT+0800,1607.1570000000002,1606.8529999999998,300,300
21.03.2013 00:20:01.949 GMT+0800,1607.1960000000001,1606.8529999999998,300,300
21.03.2013 00:20:02.551 GMT+0800,1607.174,1606.8529999999998,300,300
21.03.2013 00:20:04.142 GMT+0800,1607.2060000000001,1606.8529999999998,300,300
21.03.2013 00:20:04.467 GMT+0800,1607.2520000000002,1606.9520000000002,300,300
21.03.2013 00:20:04.597 GMT+0800,1607.246,1606.9420000000002,300,400
21.03.2013 00:20:04.660 GMT+0800,1607.255,1606.9520000000002,400,300
21.03.2013 00:20:08.027 GMT+0800,1607.2479999999998,1606.93,400,300
21.03.2013 00:20:08.207 GMT+0800,1607.2479999999998,1606.923,300,300
21.03.2013 00:20:13.557 GMT+0800,1607.209,1606.9089999999999,300,800
21.03.2013 00:20:16.228 GMT+0800,1607.23,1606.923,300,300
21.03.2013 00:20:17.247 GMT+0800,1607.254,1606.923,500,300
21.03.2013 00:20:20.199 GMT+0800,1607.219,1606.915,300,300
21.03.2013 00:20:20.317 GMT+0800,1607.203,1606.893,300,300
21.03.2013 00:20:21.559 GMT+0800,1607.217,1606.893,300,300
21.03.2013 00:20:21.860 GMT+0800,1607.219,1606.893,300,300
21.03.2013 00:20:26.997 GMT+0800,1607.2479999999998,1606.893,600,200
21.03.2013 00:20:28.505 GMT+0800,1607.233,1606.913,300,300
21.03.2013 00:20:34.484 GMT+0800,1607.2520000000002,1606.913,600,300
21.03.2013 00:20:36.387 GMT+0800,1607.2479999999998,1606.943,500,300
21.03.2013 00:20:36.737 GMT+0800,1607.263,1606.963,300,200
21.03.2013 00:20:36.797 GMT+0800,1607.2839999999999,1606.963,600,300
21.03.2013 00:20:37.203 GMT+0800,1607.264,1606.963,600,300
21.03.2013 00:20:39.397 GMT+0800,1607.2479999999998,1606.933,500,300
21.03.2013 00:20:39.758 GMT+0800,1607.2020000000002,1606.8829999999998,300,300
21.03.2013 00:20:43.717 GMT+0800,1607.148,1606.8470000000002,200,300
21.03.2013 00:20:49.287 GMT+0800,1607.1879999999999,1606.8529999999998,300,300
21.03.2013 00:20:49.607 GMT+0800,1607.247,1606.894,300,300
21.03.2013 00:20:52.277 GMT+0800,1607.237,1606.933,300,800
21.03.2013 00:20:53.949 GMT+0800,1607.256,1606.943,600,300
21.03.2013 00:20:56.917 GMT+0800,1607.2479999999998,1606.943,500,200
21.03.2013 00:21:00.578 GMT+0800,1607.273,1606.973,300,200
21.03.2013 00:21:00.767 GMT+0800,1607.3110000000001,1606.973,300,300
21.03.2013 00:21:05.818 GMT+0800,1607.3429999999998,1607.043,300,200
21.03.2013 00:21:05.877 GMT+0800,1607.354,1607.0520000000001,300,200
21.03.2013 00:21:05.937 GMT+0800,1607.382,1607.0520000000001,300,300
21.03.2013 00:21:06.048 GMT+0800,1607.329,1607.025,300,300
21.03.2013 00:21:06.113 GMT+0800,1607.329,1607.023,300,300
21.03.2013 00:21:06.188 GMT+0800,1607.3500000000001,1607.023,200,300
21.03.2013 00:21:06.547 GMT+0800,1607.319,1607.015,300,300
21.03.2013 00:21:07.207 GMT+0800,1607.358,1607.023,200,300
21.03.2013 00:21:07.877 GMT+0800,1607.306,1607.006,300,200
21.03.2013 00:21:07.937 GMT+0800,1607.306,1606.963,300,300
21.03.2013 00:21:15.134 GMT+0800,1607.277,1606.963,300,300
21.03.2013 00:21:15.538 GMT+0800,1607.2610000000002,1606.957,300,300
21.03.2013 00:21:15.739 GMT+0800,1607.278,1606.963,300,300
21.03.2013 00:21:15.877 GMT+0800,1607.298,1606.963,300,300
21.03.2013 00:21:17.379 GMT+0800,1607.315,1606.963,300,300
21.03.2013 00:21:19.411 GMT+0800,1607.3370000000002,1606.973,200,400
21.03.2013 00:21:20.377 GMT+0800,1607.348,1607.013,200,200
21.03.2013 00:21:23.662 GMT+0800,1607.348,1607.033,200,300
21.03.2013 00:21:24.647 GMT+0800,1607.335,1607.033,300,200
21.03.2013 00:21:25.081 GMT+0800,1607.354,1607.033,200,300
21.03.2013 00:21:26.058 GMT+0800,1607.3400000000001,1607.033,300,300
21.03.2013 00:21:27.538 GMT+0800,1607.3600000000001,1607.033,200,300
21.03.2013 00:21:27.843 GMT+0800,1607.346,1607.033,300,300
21.03.2013 00:21:31.640 GMT+0800,1607.3029999999999,1607.003,300,700
21.03.2013 00:21:31.937 GMT+0800,1607.1960000000001,1606.8529999999998,300,300
21.03.2013 00:21:32.248 GMT+0800,1607.213,1606.8529999999998,300,300
21.03.2013 00:21:32.858 GMT+0800,1607.1960000000001,1606.8529999999998,300,300
21.03.2013 00:21:33.267 GMT+0800,1607.2120000000002,1606.8529999999998,300,300
21.03.2013 00:21:36.068 GMT+0800,1607.1960000000001,1606.8529999999998,300,300
21.03.2013 00:21:36.190 GMT+0800,1607.168,1606.8529999999998,200,300
21.03.2013 00:21:36.988 GMT+0800,1607.15,1606.848,300,300
21.03.2013 00:21:37.159 GMT+0800,1607.148,1606.8229999999999,200,200
21.03.2013 00:21:39.608 GMT+0800,1607.17,1606.8229999999999,300,300
21.03.2013 00:21:39.987 GMT+0800,1607.164,1606.8229999999999,300,300
21.03.2013 00:21:40.317 GMT+0800,1607.148,1606.8229999999999,300,500
21.03.2013 00:21:40.636 GMT+0800,1607.3070000000002,1606.973,300,300
21.03.2013 00:21:41.013 GMT+0800,1607.325,1606.993,300,300
21.03.2013 00:21:41.547 GMT+0800,1607.263,1606.9520000000002,300,200
21.03.2013 00:21:41.667 GMT+0800,1607.289,1606.953,300,300
21.03.2013 00:21:42.484 GMT+0800,1607.26,1606.953,300,300
21.03.2013 00:21:43.273 GMT+0800,1607.1560000000002,1606.8229999999999,300,300
21.03.2013 00:21:44.457 GMT+0800,1607.1870000000001,1606.852,200,300
21.03.2013 00:21:44.806 GMT+0800,1607.1720000000003,1606.852,300,300
21.03.2013 00:21:47.337 GMT+0800,1607.074,1606.77,400,300
21.03.2013 00:21:47.518 GMT+0800,1606.9379999999999,1606.6229999999998,300,300
21.03.2013 00:21:47.668 GMT+0800,1606.96,1606.6229999999998,200,300
21.03.2013 00:21:47.727 GMT+0800,1607.027,1606.663,200,200
21.03.2013 00:21:47.848 GMT+0800,1606.967,1606.663,300,500
21.03.2013 00:21:47.969 GMT+0800,1607.029,1606.663,300,600
21.03.2013 00:21:48.207 GMT+0800,1607.1170000000002,1606.713,200,200
21.03.2013 00:21:48.267 GMT+0800,1607.0770000000002,1606.713,300,300
21.03.2013 00:21:48.712 GMT+0800,1607.118,1606.763,300,300
21.03.2013 00:21:49.269 GMT+0800,1607.134,1606.768,300,400
21.03.2013 00:21:50.292 GMT+0800,1607.181,1606.8229999999999,300,300
21.03.2013 00:21:50.973 GMT+0800,1607.1970000000001,1606.852,300,300
21.03.2013 00:21:51.698 GMT+0800,1607.213,1606.852,300,400
21.03.2013 00:21:52.517 GMT+0800,1607.148,1606.8470000000002,200,300
21.03.2013 00:21:52.577 GMT+0800,1607.15,1606.8429999999998,300,300
21.03.2013 00:22:01.658 GMT+0800,1607.114,1606.8029999999999,300,300
21.03.2013 00:22:06.477 GMT+0800,1607.0420000000001,1606.713,300,300
21.03.2013 00:22:11.367 GMT+0800,1607.064,1606.713,300,300
21.03.2013 00:22:20.537 GMT+0800,1607.082,1606.733,300,300
21.03.2013 00:22:20.917 GMT+0800,1607.056,1606.733,300,300
21.03.2013 00:22:22.077 GMT+0800,1607.018,1606.653,300,300
21.03.2013 00:22:24.417 GMT+0800,1606.9679999999998,1606.653,300,300
21.03.2013 00:22:29.277 GMT+0800,1607.027,1606.694,300,300
21.03.2013 00:22:46.047 GMT+0800,1607.104,1606.753,300,300
21.03.2013 00:23:03.257 GMT+0800,1607.054,1606.753,400,200
21.03.2013 00:23:04.327 GMT+0800,1607.0420000000001,1606.733,300,300
21.03.2013 00:23:04.590 GMT+0800,1607.0710000000001,1606.733,300,300
21.03.2013 00:23:04.939 GMT+0800,1607.102,1606.763,300,300
21.03.2013 00:23:10.492 GMT+0800,1607.1200000000001,1606.783,300,300
21.03.2013 00:23:11.347 GMT+0800,1607.142,1606.8029999999999,300,300
21.03.2013 00:23:14.059 GMT+0800,1607.124,1606.8029999999999,300,300
21.03.2013 00:23:15.688 GMT+0800,1607.15,1606.8329999999999,200,300
21.03.2013 00:23:19.897 GMT+0800,1607.153,1606.8529999999998,300,200
21.03.2013 00:23:20.768 GMT+0800,1607.1660000000002,1606.8529999999998,200,300
21.03.2013 00:23:25.021 GMT+0800,1607.174,1606.8729999999998,300,200
21.03.2013 00:23:25.198 GMT+0800,1607.2020000000002,1606.8729999999998,300,300
21.03.2013 00:23:31.089 GMT+0800,1607.221,1606.893,300,300
21.03.2013 00:23:34.157 GMT+0800,1607.204,1606.893,300,300
21.03.2013 00:23:53.621 GMT+0800,1607.224,1606.923,400,200
21.03.2013 00:23:53.679 GMT+0800,1607.2350000000001,1606.923,300,300
21.03.2013 00:23:57.342 GMT+0800,1607.2120000000002,1606.9120000000003,300,200
21.03.2013 00:23:58.978 GMT+0800,1607.19,1606.89,300,700
21.03.2013 00:23:59.038 GMT+0800,1607.194,1606.893,400,200
21.03.2013 00:24:05.171 GMT+0800,1607.224,1606.923,400,200
21.03.2013 00:24:05.227 GMT+0800,1607.213,1606.913,300,600
21.03.2013 00:24:05.348 GMT+0800,1607.237,1606.923,300,300
21.03.2013 00:24:05.767 GMT+0800,1607.214,1606.913,300,600
21.03.2013 00:24:09.478 GMT+0800,1607.184,1606.8629999999998,200,300
21.03.2013 00:24:09.657 GMT+0800,1607.138,1606.8329999999999,300,300
21.03.2013 00:24:09.966 GMT+0800,1607.201,1606.8829999999998,300,300
21.03.2013 00:24:10.450 GMT+0800,1607.203,1606.903,300,200
21.03.2013 00:24:19.708 GMT+0800,1607.223,1606.923,300,200
21.03.2013 00:24:19.767 GMT+0800,1607.2250000000001,1606.923,300,200
21.03.2013 00:24:20.939 GMT+0800,1607.209,1606.9089999999999,300,800
21.03.2013 00:24:21.031 GMT+0800,1607.2250000000001,1606.923,300,200
21.03.2013 00:24:25.007 GMT+0800,1607.209,1606.9089999999999,300,800
21.03.2013 00:24:25.847 GMT+0800,1607.193,1606.893,300,600
21.03.2013 00:24:26.478 GMT+0800,1607.2160000000001,1606.913,300,800
21.03.2013 00:24:26.598 GMT+0800,1607.241,1606.923,300,300
21.03.2013 00:24:28.807 GMT+0800,1607.224,1606.923,300,200
21.03.2013 00:24:30.748 GMT+0800,1607.24,1606.923,300,300
21.03.2013 00:24:31.797 GMT+0800,1607.244,1606.943,400,200
21.03.2013 00:24:33.327 GMT+0800,1607.214,1606.914,300,800
21.03.2013 00:24:33.387 GMT+0800,1607.224,1606.923,400,200
21.03.2013 00:24:34.617 GMT+0800,1607.237,1606.923,300,300
21.03.2013 00:24:34.759 GMT+0800,1607.213,1606.913,300,600
21.03.2013 00:24:35.089 GMT+0800,1607.237,1606.923,300,300
21.03.2013 00:24:36.937 GMT+0800,1607.048,1606.7479999999998,200,200
21.03.2013 00:24:37.068 GMT+0800,1607.013,1606.713,300,700
21.03.2013 00:24:37.188 GMT+0800,1607.023,1606.723,300,200
21.03.2013 00:24:37.402 GMT+0800,1606.953,1606.652,300,500
21.03.2013 00:24:37.698 GMT+0800,1607.017,1606.713,300,800
21.03.2013 00:24:38.267 GMT+0800,1607.0339999999999,1606.723,300,300
21.03.2013 00:24:40.447 GMT+0800,1607.0520000000001,1606.7520000000002,300,200
21.03.2013 00:24:40.597 GMT+0800,1607.1000000000001,1606.7520000000002,300,300
21.03.2013 00:24:42.088 GMT+0800,1607.076,1606.723,300,300
21.03.2013 00:24:42.559 GMT+0800,1607.048,1606.723,200,300
21.03.2013 00:24:42.869 GMT+0800,1607.064,1606.723,300,300
21.03.2013 00:24:46.858 GMT+0800,1607.048,1606.723,300,500
21.03.2013 00:24:48.973 GMT+0800,1607.05,1606.743,300,300
21.03.2013 00:24:49.277 GMT+0800,1607.069,1606.743,300,300
21.03.2013 00:24:49.704 GMT+0800,1607.04,1606.736,300,300
21.03.2013 00:24:50.090 GMT+0800,1607.058,1606.743,300,300
21.03.2013 00:24:50.567 GMT+0800,1607.088,1606.7520000000002,300,300
21.03.2013 00:24:51.501 GMT+0800,1607.105,1606.7520000000002,300,300
21.03.2013 00:25:04.246 GMT+0800,1607.076,1606.7520000000002,200,300
21.03.2013 00:25:04.738 GMT+0800,1607.056,1606.7520000000002,300,300
21.03.2013 00:25:05.078 GMT+0800,1606.9220000000003,1606.6029999999998,300,300
21.03.2013 00:25:05.408 GMT+0800,1606.904,1606.6029999999998,400,200
21.03.2013 00:25:14.660 GMT+0800,1606.904,1606.6029999999998,400,200
21.03.2013 00:25:14.718 GMT+0800,1606.9460000000001,1606.642,300,300
21.03.2013 00:25:14.837 GMT+0800,1606.986,1606.652,300,300
21.03.2013 00:25:19.757 GMT+0800,1607.054,1606.733,300,300
21.03.2013 00:25:23.372 GMT+0800,1607.0900000000001,1606.733,200,300
21.03.2013 00:25:23.678 GMT+0800,1607.038,1606.733,300,300
21.03.2013 00:25:23.988 GMT+0800,1607.02,1606.72,300,200
21.03.2013 00:25:25.481 GMT+0800,1607.02,1606.703,300,300
21.03.2013 00:25:25.589 GMT+0800,1606.983,1606.683,300,700
21.03.2013 00:25:26.039 GMT+0800,1607.0020000000002,1606.6979999999999,300,300
21.03.2013 00:25:28.988 GMT+0800,1606.977,1606.652,200,600
21.03.2013 00:25:29.108 GMT+0800,1606.895,1606.595,300,800
21.03.2013 00:25:38.899 GMT+0800,1606.879,1606.579,300,700
21.03.2013 00:25:38.958 GMT+0800,1606.879,1606.5520000000001,300,700
21.03.2013 00:25:39.577 GMT+0800,1606.8110000000001,1606.503,300,300
21.03.2013 00:25:51.691 GMT+0800,1606.858,1606.503,600,300
21.03.2013 00:25:55.437 GMT+0800,1606.8960000000002,1606.5520000000001,300,300
21.03.2013 00:26:00.837 GMT+0800,1606.8229999999999,1606.523,300,700
21.03.2013 00:26:00.957 GMT+0800,1606.8329999999999,1606.533,300,200
21.03.2013 00:26:01.018 GMT+0800,1606.8329999999999,1606.533,300,200
21.03.2013 00:26:01.919 GMT+0800,1606.8229999999999,1606.503,300,300
21.03.2013 00:26:10.139 GMT+0800,1606.872,1606.568,400,300
21.03.2013 00:26:10.198 GMT+0800,1606.934,1606.5829999999999,300,300
21.03.2013 00:26:10.629 GMT+0800,1606.914,1606.5829999999999,300,300
21.03.2013 00:26:11.097 GMT+0800,1606.945,1606.5829999999999,300,300
21.03.2013 00:26:11.722 GMT+0800,1606.891,1606.5829999999999,300,300
21.03.2013 00:26:16.818 GMT+0800,1606.842,1606.538,300,300
21.03.2013 00:26:19.827 GMT+0800,1606.852,1606.5520000000001,300,600
21.03.2013 00:26:19.948 GMT+0800,1606.8760000000002,1606.5520000000001,300,700
21.03.2013 00:26:20.008 GMT+0800,1606.925,1606.6129999999998,300,300
21.03.2013 00:26:22.687 GMT+0800,1606.903,1606.6029999999998,300,700
21.03.2013 00:26:22.847 GMT+0800,1606.923,1606.6129999999998,300,300
21.03.2013 00:26:23.097 GMT+0800,1606.848,1606.548,200,200
21.03.2013 00:26:23.157 GMT+0800,1606.864,1606.5629999999999,400,200
21.03.2013 00:26:26.097 GMT+0800,1606.8370000000002,1606.5370000000003,300,700
21.03.2013 00:26:26.157 GMT+0800,1606.8370000000002,1606.503,300,300
21.03.2013 00:26:26.217 GMT+0800,1606.808,1606.503,300,300
21.03.2013 00:26:28.476 GMT+0800,1606.856,1606.503,600,300
21.03.2013 00:26:32.288 GMT+0800,1606.753,1606.4520000000002,300,600
21.03.2013 00:26:32.348 GMT+0800,1606.7479999999998,1606.433,200,200
21.03.2013 00:26:32.468 GMT+0800,1606.7520000000002,1606.4520000000002,200,300
21.03.2013 00:26:32.587 GMT+0800,1606.815,1606.4520000000002,300,400
21.03.2013 00:26:33.437 GMT+0800,1606.774,1606.433,300,300
21.03.2013 00:26:34.913 GMT+0800,1606.754,1606.433,300,300
21.03.2013 00:26:36.762 GMT+0800,1606.753,1606.433,300,300
21.03.2013 00:26:40.578 GMT+0800,1606.796,1606.433,300,300
21.03.2013 00:26:40.958 GMT+0800,1606.864,1606.5529999999999,200,300
21.03.2013 00:26:43.110 GMT+0800,1606.786,1606.486,300,800
21.03.2013 00:26:43.178 GMT+0800,1606.786,1606.453,300,300
21.03.2013 00:26:43.869 GMT+0800,1606.809,1606.453,300,300
21.03.2013 00:26:52.788 GMT+0800,1606.8470000000002,1606.4879999999998,300,300
21.03.2013 00:26:53.397 GMT+0800,1606.7479999999998,1606.4479999999999,800,800
21.03.2013 00:26:53.577 GMT+0800,1606.497,1606.152,300,300
21.03.2013 00:26:53.639 GMT+0800,1606.509,1606.152,300,300
21.03.2013 00:26:53.838 GMT+0800,1606.267,1605.967,200,800
21.03.2013 00:26:54.157 GMT+0800,1606.48,1606.152,800,300
21.03.2013 00:26:54.458 GMT+0800,1606.277,1605.977,200,300
21.03.2013 00:26:54.517 GMT+0800,1606.352,1606.0520000000001,700,800
21.03.2013 00:26:55.897 GMT+0800,1606.473,1606.152,800,300
21.03.2013 00:26:55.977 GMT+0800,1606.277,1605.977,200,400
21.03.2013 00:26:56.037 GMT+0800,1606.493,1606.152,800,300
21.03.2013 00:26:56.327 GMT+0800,1606.39,1606.0900000000001,600,300
21.03.2013 00:26:56.398 GMT+0800,1606.227,1605.9270000000001,200,800
21.03.2013 00:26:56.578 GMT+0800,1606.277,1605.976,200,400
21.03.2013 00:26:56.648 GMT+0800,1606.5,1606.152,800,300
21.03.2013 00:26:56.953 GMT+0800,1606.403,1606.1029999999998,200,300
21.03.2013 00:26:57.097 GMT+0800,1606.3729999999998,1606.0729999999999,200,300
21.03.2013 00:26:57.228 GMT+0800,1606.217,1605.9170000000001,200,800
21.03.2013 00:26:57.288 GMT+0800,1606.352,1606.0520000000001,800,800
21.03.2013 00:26:57.418 GMT+0800,1606.369,1606.069,700,300
21.03.2013 00:26:57.768 GMT+0800,1606.1870000000001,1605.8870000000002,200,800
21.03.2013 00:26:59.058 GMT+0800,1606.398,1606.098,200,300
21.03.2013 00:26:59.137 GMT+0800,1606.227,1605.9270000000001,200,800
21.03.2013 00:27:07.028 GMT+0800,1606.352,1606.0520000000001,800,800
21.03.2013 00:27:07.148 GMT+0800,1606.237,1605.9370000000001,200,800
21.03.2013 00:27:07.598 GMT+0800,1606.277,1605.977,200,800
21.03.2013 00:27:07.668 GMT+0800,1606.4260000000002,1606.1260000000002,800,300
21.03.2013 00:27:07.738 GMT+0800,1606.3970000000002,1606.0970000000002,700,300
21.03.2013 00:27:07.808 GMT+0800,1606.227,1605.9270000000001,200,800
21.03.2013 00:27:08.138 GMT+0800,1606.293,1605.993,200,300
21.03.2013 00:27:08.548 GMT+0800,1606.3129999999999,1606.013,200,300
21.03.2013 00:27:08.962 GMT+0800,1606.2939999999999,1605.994,700,300
21.03.2013 00:27:09.356 GMT+0800,1606.31,1606.01,600,300
21.03.2013 00:27:10.598 GMT+0800,1606.2910000000002,1605.991,800,300
21.03.2013 00:27:11.854 GMT+0800,1606.2520000000002,1605.9520000000002,700,600
21.03.2013 00:27:11.918 GMT+0800,1606.1270000000002,1605.8270000000002,200,600
21.03.2013 00:27:12.959 GMT+0800,1606.304,1606.004,800,300
21.03.2013 00:27:13.238 GMT+0800,1606.1770000000001,1605.8760000000002,200,300
21.03.2013 00:27:13.956 GMT+0800,1606.393,1606.0520000000001,300,300
21.03.2013 00:27:14.018 GMT+0800,1606.359,1606.033,300,300
21.03.2013 00:27:14.825 GMT+0800,1606.378,1606.033,300,300
21.03.2013 00:27:17.229 GMT+0800,1606.3529999999998,1606.033,300,300
21.03.2013 00:27:18.008 GMT+0800,1606.3329999999999,1606.013,300,300
21.03.2013 00:27:19.798 GMT+0800,1606.348,1606.0020000000002,300,300
21.03.2013 00:27:20.437 GMT+0800,1606.339,1606.003,300,300
21.03.2013 00:27:20.979 GMT+0800,1606.319,1605.983,300,300
21.03.2013 00:27:22.368 GMT+0800,1606.335,1605.983,300,300
21.03.2013 00:27:22.693 GMT+0800,1606.306,1605.983,300,300
21.03.2013 00:27:23.767 GMT+0800,1606.2810000000002,1605.953,300,300
21.03.2013 00:27:24.347 GMT+0800,1606.2970000000003,1605.953,300,300
21.03.2013 00:27:25.010 GMT+0800,1606.257,1605.953,300,300
21.03.2013 00:27:25.328 GMT+0800,1606.1689999999999,1605.865,300,300
21.03.2013 00:27:25.388 GMT+0800,1606.217,1605.865,300,300
21.03.2013 00:27:25.568 GMT+0800,1606.2120000000002,1605.8829999999998,300,300
21.03.2013 00:27:30.311 GMT+0800,1606.2320000000002,1605.8829999999998,300,300
21.03.2013 00:27:31.329 GMT+0800,1606.2620000000002,1605.913,300,300
21.03.2013 00:27:31.879 GMT+0800,1606.246,1605.913,300,300
21.03.2013 00:27:32.218 GMT+0800,1606.2620000000002,1605.913,300,300
21.03.2013 00:27:33.996 GMT+0800,1606.195,1605.8629999999998,300,300
21.03.2013 00:27:34.547 GMT+0800,1606.253,1605.9520000000002,400,500
21.03.2013 00:27:34.667 GMT+0800,1606.318,1605.9520000000002,300,900
21.03.2013 00:27:38.688 GMT+0800,1606.3529999999998,1606.0520000000001,400,200
21.03.2013 00:27:38.769 GMT+0800,1606.391,1606.0520000000001,300,300
21.03.2013 00:27:40.507 GMT+0800,1606.374,1606.0520000000001,300,300
21.03.2013 00:27:41.394 GMT+0800,1606.339,1606.033,300,300
21.03.2013 00:27:41.894 GMT+0800,1606.315,1606.013,300,200
21.03.2013 00:27:42.809 GMT+0800,1606.3329999999999,1606.013,300,300
21.03.2013 00:27:43.398 GMT+0800,1606.3110000000001,1605.993,300,300
21.03.2013 00:27:46.143 GMT+0800,1606.4520000000002,1606.152,300,500
21.03.2013 00:27:46.298 GMT+0800,1606.5120000000002,1606.152,800,300
21.03.2013 00:27:46.368 GMT+0800,1606.514,1606.152,300,300
21.03.2013 00:27:46.488 GMT+0800,1606.4979999999998,1606.143,300,300
21.03.2013 00:27:46.903 GMT+0800,1606.454,1606.143,300,300
21.03.2013 00:27:51.214 GMT+0800,1606.454,1606.152,300,800
21.03.2013 00:27:51.328 GMT+0800,1606.516,1606.173,300,300
21.03.2013 00:27:54.068 GMT+0800,1606.5,1606.2,300,200
21.03.2013 00:27:54.388 GMT+0800,1606.364,1606.0629999999999,400,200
21.03.2013 00:27:54.508 GMT+0800,1606.362,1606.033,300,300
21.03.2013 00:27:55.470 GMT+0800,1606.5520000000001,1606.2520000000002,700,800
21.03.2013 00:27:55.548 GMT+0800,1606.5420000000001,1606.24,800,900
21.03.2013 00:27:55.618 GMT+0800,1606.5439999999999,1606.243,300,200
21.03.2013 00:27:55.678 GMT+0800,1606.608,1606.2520000000002,300,900
21.03.2013 00:27:56.579 GMT+0800,1606.5910000000001,1606.283,300,300
21.03.2013 00:27:58.208 GMT+0800,1606.609,1606.283,300,300
21.03.2013 00:28:04.008 GMT+0800,1606.6470000000002,1606.286,300,300
21.03.2013 00:28:04.443 GMT+0800,1606.611,1606.3110000000001,300,600
21.03.2013 00:28:04.969 GMT+0800,1606.6329999999998,1606.3229999999999,300,300
21.03.2013 00:28:06.552 GMT+0800,1606.615,1606.3129999999999,300,600
21.03.2013 00:28:06.608 GMT+0800,1606.615,1606.293,300,300
21.03.2013 00:28:09.800 GMT+0800,1606.6360000000002,1606.293,300,300
21.03.2013 00:28:12.819 GMT+0800,1606.614,1606.293,300,300
21.03.2013 00:28:18.199 GMT+0800,1606.63,1606.293,300,300
21.03.2013 00:28:19.057 GMT+0800,1606.6370000000002,1606.3129999999999,300,300
21.03.2013 00:28:19.457 GMT+0800,1606.664,1606.3429999999998,300,300
21.03.2013 00:28:19.758 GMT+0800,1606.733,1606.403,300,300
21.03.2013 00:28:20.769 GMT+0800,1606.7479999999998,1606.403,300,300
21.03.2013 00:28:21.898 GMT+0800,1606.753,1606.449,300,300
21.03.2013 00:28:21.958 GMT+0800,1606.815,1606.4520000000002,300,600
21.03.2013 00:28:23.127 GMT+0800,1606.8529999999998,1606.5520000000001,400,200
21.03.2013 00:28:23.248 GMT+0800,1606.904,1606.5520000000001,700,300
21.03.2013 00:28:23.368 GMT+0800,1606.884,1606.543,400,300
21.03.2013 00:28:23.833 GMT+0800,1606.74,1606.433,300,300
21.03.2013 00:28:24.349 GMT+0800,1606.754,1606.413,300,300
21.03.2013 00:28:25.188 GMT+0800,1606.7379999999998,1606.413,300,300
21.03.2013 00:28:26.080 GMT+0800,1606.7450000000001,1606.413,300,300
21.03.2013 00:28:26.608 GMT+0800,1606.6979999999999,1606.3429999999998,300,300
21.03.2013 00:28:26.967 GMT+0800,1606.634,1606.3029999999999,300,300
21.03.2013 00:28:27.546 GMT+0800,1606.618,1606.3029999999999,300,300
21.03.2013 00:28:27.878 GMT+0800,1606.658,1606.3229999999999,300,300
21.03.2013 00:28:30.868 GMT+0800,1606.7479999999998,1606.433,200,300
21.03.2013 00:28:31.888 GMT+0800,1606.648,1606.348,200,700
21.03.2013 00:28:31.948 GMT+0800,1606.671,1606.3670000000002,300,300
21.03.2013 00:28:32.025 GMT+0800,1606.6470000000002,1606.3429999999998,300,300
21.03.2013 00:28:35.409 GMT+0800,1606.6260000000002,1606.3229999999999,300,300
21.03.2013 00:28:35.949 GMT+0800,1606.737,1606.403,300,300
21.03.2013 00:28:36.879 GMT+0800,1606.651,1606.351,300,200
21.03.2013 00:28:36.948 GMT+0800,1606.6270000000002,1606.3270000000002,200,600
21.03.2013 00:28:37.069 GMT+0800,1606.548,1606.2479999999998,200,800
21.03.2013 00:28:37.216 GMT+0800,1606.54,1606.213,300,300
21.03.2013 00:28:37.430 GMT+0800,1606.554,1606.213,300,300
21.03.2013 00:28:38.588 GMT+0800,1606.536,1606.213,300,300
21.03.2013 00:28:40.169 GMT+0800,1606.55,1606.213,300,300
21.03.2013 00:28:40.525 GMT+0800,1606.535,1606.213,300,300
21.03.2013 00:28:40.900 GMT+0800,1606.5520000000001,1606.2520000000002,300,200
21.03.2013 00:28:40.959 GMT+0800,1606.574,1606.2520000000002,300,300
21.03.2013 00:28:44.418 GMT+0800,1606.548,1606.233,200,300
21.03.2013 00:28:45.638 GMT+0800,1606.533,1606.233,300,200
21.03.2013 00:28:45.698 GMT+0800,1606.533,1606.213,300,300
21.03.2013 00:28:45.758 GMT+0800,1606.517,1606.213,300,300
21.03.2013 00:28:46.124 GMT+0800,1606.4979999999998,1606.1979999999999,300,200
21.03.2013 00:28:46.178 GMT+0800,1606.4979999999998,1606.183,300,300
21.03.2013 00:28:47.078 GMT+0800,1606.514,1606.213,400,200
21.03.2013 00:28:47.219 GMT+0800,1606.519,1606.213,300,300
21.03.2013 00:28:48.318 GMT+0800,1606.4479999999999,1606.148,500,800
21.03.2013 00:28:48.478 GMT+0800,1606.4220000000003,1606.0729999999999,300,300
21.03.2013 00:28:48.538 GMT+0800,1606.3960000000002,1606.0729999999999,300,300
21.03.2013 00:28:49.698 GMT+0800,1606.429,1606.0929999999998,300,300
21.03.2013 00:28:50.898 GMT+0800,1606.404,1606.0929999999998,300,300
21.03.2013 00:28:51.531 GMT+0800,1606.439,1606.0929999999998,300,300
21.03.2013 00:28:51.918 GMT+0800,1606.453,1606.152,400,200
21.03.2013 00:28:51.978 GMT+0800,1606.439,1606.1229999999998,300,300
21.03.2013 00:28:52.045 GMT+0800,1606.4479999999999,1606.1229999999998,300,200
21.03.2013 00:28:52.511 GMT+0800,1606.477,1606.163,300,300
21.03.2013 00:28:53.119 GMT+0800,1606.4950000000001,1606.163,300,300
21.03.2013 00:28:54.806 GMT+0800,1606.476,1606.163,300,300
21.03.2013 00:28:55.489 GMT+0800,1606.3770000000002,1606.0770000000002,200,300
21.03.2013 00:29:00.655 GMT+0800,1606.3970000000002,1606.0970000000002,200,200
21.03.2013 00:29:00.778 GMT+0800,1606.4920000000002,1606.1920000000002,800,300
21.03.2013 00:29:00.968 GMT+0800,1606.4720000000002,1606.1720000000003,800,300
21.03.2013 00:29:01.088 GMT+0800,1606.4879999999998,1606.1879999999999,200,300
21.03.2013 00:29:01.163 GMT+0800,1606.457,1606.1560000000002,200,400
21.03.2013 00:29:06.968 GMT+0800,1606.489,1606.152,700,600
21.03.2013 00:29:07.437 GMT+0800,1606.51,1606.152,800,600
21.03.2013 00:29:09.258 GMT+0800,1606.486,1606.152,700,400
21.03.2013 00:29:10.959 GMT+0800,1606.5020000000002,1606.152,600,400
21.03.2013 00:29:11.318 GMT+0800,1606.459,1606.1589999999999,200,300
21.03.2013 00:29:12.120 GMT+0800,1606.477,1606.1770000000001,700,300
21.03.2013 00:29:12.988 GMT+0800,1606.459,1606.1589999999999,200,300
21.03.2013 00:29:13.408 GMT+0800,1606.394,1606.0629999999999,300,300
21.03.2013 00:29:13.528 GMT+0800,1606.408,1606.0520000000001,700,400
21.03.2013 00:29:13.868 GMT+0800,1606.365,1606.065,200,300
21.03.2013 00:29:14.238 GMT+0800,1606.382,1606.082,800,300
21.03.2013 00:29:15.998 GMT+0800,1606.366,1606.066,600,300
21.03.2013 00:29:17.479 GMT+0800,1606.384,1606.084,600,300
21.03.2013 00:29:18.348 GMT+0800,1606.364,1606.064,600,300
21.03.2013 00:29:18.528 GMT+0800,1606.4060000000002,1606.0520000000001,200,400
21.03.2013 00:29:19.385 GMT+0800,1606.389,1606.0520000000001,800,400
21.03.2013 00:29:19.448 GMT+0800,1606.352,1606.0520000000001,700,200
21.03.2013 00:29:20.368 GMT+0800,1606.3829999999998,1606.0829999999999,200,300
21.03.2013 00:29:20.428 GMT+0800,1606.3770000000002,1606.0770000000002,200,300
21.03.2013 00:29:22.928 GMT+0800,1606.3770000000002,1606.059,300,300
21.03.2013 00:29:24.558 GMT+0800,1606.402,1606.0520000000001,200,300
21.03.2013 00:29:25.168 GMT+0800,1606.359,1606.059,800,300
21.03.2013 00:29:26.058 GMT+0800,1606.374,1606.0520000000001,900,300
21.03.2013 00:29:26.199 GMT+0800,1606.3270000000002,1605.989,300,300
21.03.2013 00:29:26.830 GMT+0800,1606.267,1605.967,200,300
21.03.2013 00:29:28.742 GMT+0800,1606.2870000000003,1605.987,700,300
21.03.2013 00:29:29.096 GMT+0800,1606.2870000000003,1605.987,200,300
21.03.2013 00:29:32.068 GMT+0800,1606.3170000000002,1605.987,300,300
21.03.2013 00:29:33.371 GMT+0800,1606.352,1606.0520000000001,200,200
21.03.2013 00:29:33.508 GMT+0800,1606.3370000000002,1606.036,200,300
21.03.2013 00:29:36.650 GMT+0800,1606.403,1606.0520000000001,200,300
21.03.2013 00:29:36.708 GMT+0800,1606.3570000000002,1606.0520000000001,200,200
21.03.2013 00:29:36.768 GMT+0800,1606.38,1606.08,700,300
21.03.2013 00:29:36.905 GMT+0800,1606.3870000000002,1606.08,300,300
21.03.2013 00:29:37.738 GMT+0800,1606.3870000000002,1606.064,300,300
21.03.2013 00:29:38.653 GMT+0800,1606.3870000000002,1606.058,300,300
21.03.2013 00:29:39.909 GMT+0800,1606.3870000000002,1606.076,300,300
21.03.2013 00:29:42.698 GMT+0800,1606.497,1606.18,300,300
21.03.2013 00:29:43.829 GMT+0800,1606.494,1606.152,300,700
21.03.2013 00:29:44.208 GMT+0800,1606.497,1606.152,300,600
21.03.2013 00:29:45.058 GMT+0800,1606.4820000000002,1606.1779999999999,300,300
21.03.2013 00:29:45.118 GMT+0800,1606.497,1606.1779999999999,300,300
21.03.2013 00:29:45.338 GMT+0800,1606.497,1606.152,200,600
21.03.2013 00:29:46.009 GMT+0800,1606.497,1606.152,200,600
21.03.2013 00:29:46.778 GMT+0800,1606.652,1606.352,800,200
21.03.2013 00:29:46.897 GMT+0800,1606.6570000000002,1606.352,700,200
21.03.2013 00:29:47.848 GMT+0800,1606.6270000000002,1606.253,200,200
21.03.2013 00:29:48.458 GMT+0800,1606.6270000000002,1606.253,200,200
21.03.2013 00:29:48.517 GMT+0800,1606.5970000000002,1606.2520000000002,200,600
21.03.2013 00:29:52.678 GMT+0800,1606.652,1606.352,800,600
21.03.2013 00:29:52.808 GMT+0800,1606.6470000000002,1606.253,200,200
21.03.2013 00:29:55.240 GMT+0800,1606.6470000000002,1606.283,200,200
21.03.2013 00:29:55.358 GMT+0800,1606.6270000000002,1606.2520000000002,200,600
21.03.2013 00:29:55.969 GMT+0800,1606.5970000000002,1606.2520000000002,200,600
21.03.2013 00:29:56.768 GMT+0800,1606.5770000000002,1606.2520000000002,200,600
21.03.2013 00:29:58.217 GMT+0800,1606.5470000000003,1606.163,200,200
21.03.2013 00:29:58.725 GMT+0800,1606.507,1606.163,200,200
21.03.2013 00:30:00.728 GMT+0800,1606.487,1606.152,200,500
21.03.2013 00:30:01.474 GMT+0800,1606.548,1606.173,200,200
21.03.2013 00:30:01.588 GMT+0800,1606.548,1606.233,200,200
21.03.2013 00:30:01.708 GMT+0800,1606.5970000000002,1606.2520000000002,200,800
21.03.2013 00:30:02.024 GMT+0800,1606.6170000000002,1606.2520000000002,200,800
21.03.2013 00:30:02.729 GMT+0800,1606.6170000000002,1606.253,200,200
21.03.2013 00:30:08.665 GMT+0800,1606.6170000000002,1606.2520000000002,200,800
21.03.2013 00:30:08.818 GMT+0800,1606.5970000000002,1606.2520000000002,200,800
21.03.2013 00:30:09.119 GMT+0800,1606.5570000000002,1606.2520000000002,800,200
21.03.2013 00:30:13.768 GMT+0800,1606.527,1606.163,200,200
21.03.2013 00:30:15.771 GMT+0800,1606.5520000000001,1606.2520000000002,200,200
21.03.2013 00:30:15.948 GMT+0800,1606.5870000000002,1606.2520000000002,200,200
21.03.2013 00:30:17.079 GMT+0800,1606.6170000000002,1606.253,200,200
21.03.2013 00:30:17.798 GMT+0800,1606.5570000000002,1606.2520000000002,200,600
21.03.2013 00:30:23.768 GMT+0800,1606.6070000000002,1606.2520000000002,200,500
21.03.2013 00:30:27.618 GMT+0800,1606.6270000000002,1606.253,200,200
21.03.2013 00:30:27.678 GMT+0800,1606.652,1606.352,200,200
21.03.2013 00:30:28.124 GMT+0800,1606.6470000000002,1606.283,200,200
21.03.2013 00:30:29.774 GMT+0800,1606.6670000000001,1606.352,200,600
21.03.2013 00:30:30.228 GMT+0800,1606.6170000000002,1606.2520000000002,200,600
21.03.2013 00:30:30.288 GMT+0800,1606.6170000000002,1606.2520000000002,200,300
21.03.2013 00:30:30.410 GMT+0800,1606.6170000000002,1606.263,300,300
21.03.2013 00:30:33.046 GMT+0800,1606.608,1606.2520000000002,300,700
21.03.2013 00:30:34.086 GMT+0800,1606.543,1606.1770000000001,300,400
21.03.2013 00:30:36.719 GMT+0800,1606.5470000000003,1606.195,300,300
21.03.2013 00:30:37.955 GMT+0800,1606.5470000000003,1606.2250000000001,300,300
21.03.2013 00:30:41.398 GMT+0800,1606.566,1606.2520000000002,800,300
21.03.2013 00:30:44.278 GMT+0800,1606.5929999999998,1606.2520000000002,800,900
21.03.2013 00:30:44.679 GMT+0800,1606.6070000000002,1606.2810000000002,300,300
21.03.2013 00:31:00.243 GMT+0800,1606.652,1606.352,200,300
21.03.2013 00:31:00.460 GMT+0800,1606.6570000000002,1606.352,200,300
21.03.2013 00:31:04.960 GMT+0800,1606.6570000000002,1606.354,300,300
21.03.2013 00:31:09.767 GMT+0800,1606.6970000000001,1606.352,800,400
21.03.2013 00:31:11.417 GMT+0800,1606.6870000000001,1606.352,300,600
21.03.2013 00:31:16.048 GMT+0800,1606.7520000000002,1606.4520000000002,200,300
21.03.2013 00:31:19.088 GMT+0800,1606.7250000000001,1606.393,300,300
21.03.2013 00:31:19.679 GMT+0800,1606.741,1606.393,300,300
21.03.2013 00:31:26.009 GMT+0800,1606.737,1606.425,300,300
21.03.2013 00:31:26.319 GMT+0800,1606.769,1606.4650000000001,300,300
21.03.2013 00:31:26.430 GMT+0800,1606.8070000000002,1606.4650000000001,300,300
21.03.2013 00:31:27.022 GMT+0800,1606.8070000000002,1606.4520000000002,500,900
21.03.2013 00:31:27.959 GMT+0800,1606.8070000000002,1606.463,300,300
21.03.2013 00:31:29.798 GMT+0800,1606.8070000000002,1606.4979999999998,300,300
21.03.2013 00:31:30.165 GMT+0800,1606.852,1606.5520000000001,700,200
21.03.2013 00:31:42.353 GMT+0800,1606.904,1606.5529999999999,200,300
21.03.2013 00:31:42.725 GMT+0800,1606.888,1606.5529999999999,200,300
21.03.2013 00:31:43.271 GMT+0800,1606.904,1606.5529999999999,200,300
21.03.2013 00:31:46.418 GMT+0800,1606.953,1606.653,200,200
21.03.2013 00:31:51.364 GMT+0800,1606.973,1606.673,200,200
21.03.2013 00:31:51.488 GMT+0800,1606.921,1606.619,300,800
21.03.2013 00:31:51.990 GMT+0800,1606.923,1606.6229999999998,300,700
21.03.2013 00:31:54.016 GMT+0800,1607.0520000000001,1606.7520000000002,700,500
21.03.2013 00:31:54.078 GMT+0800,1607.111,1606.7520000000002,800,600
21.03.2013 00:31:54.138 GMT+0800,1607.1129999999998,1606.8029999999999,300,300
21.03.2013 00:31:54.198 GMT+0800,1607.08,1606.78,300,700
21.03.2013 00:31:54.258 GMT+0800,1607.118,1606.8129999999999,300,300
21.03.2013 00:31:54.378 GMT+0800,1607.154,1606.8529999999998,300,200
21.03.2013 00:31:54.438 GMT+0800,1607.148,1606.846,200,300
21.03.2013 00:31:55.209 GMT+0800,1607.193,1606.893,200,200
21.03.2013 00:31:56.228 GMT+0800,1607.128,1606.828,300,800
21.03.2013 00:31:56.978 GMT+0800,1607.214,1606.913,300,200
21.03.2013 00:31:57.038 GMT+0800,1607.1720000000003,1606.871,200,300
21.03.2013 00:31:59.338 GMT+0800,1607.204,1606.903,400,200
21.03.2013 00:31:59.399 GMT+0800,1607.122,1606.8220000000001,300,200
21.03.2013 00:32:01.868 GMT+0800,1607.233,1606.933,400,200
21.03.2013 00:32:01.999 GMT+0800,1607.158,1606.856,300,300
21.03.2013 00:32:08.858 GMT+0800,1607.193,1606.893,300,200
21.03.2013 00:32:08.979 GMT+0800,1607.135,1606.835,300,800
21.03.2013 00:32:09.108 GMT+0800,1607.221,1606.893,300,300
21.03.2013 00:32:09.403 GMT+0800,1607.244,1606.943,400,200
21.03.2013 00:32:09.647 GMT+0800,1607.2479999999998,1606.943,600,200
21.03.2013 00:32:09.953 GMT+0800,1607.273,1606.973,300,200
21.03.2013 00:32:11.062 GMT+0800,1607.2479999999998,1606.9479999999999,900,200
21.03.2013 00:32:13.359 GMT+0800,1607.2939999999999,1606.993,700,200
21.03.2013 00:32:13.421 GMT+0800,1607.268,1606.9660000000001,400,800
21.03.2013 00:32:13.538 GMT+0800,1607.2520000000002,1606.9520000000002,300,200
21.03.2013 00:32:13.598 GMT+0800,1607.308,1606.993,400,300
21.03.2013 00:32:14.468 GMT+0800,1607.3129999999999,1607.0079999999998,300,200
21.03.2013 00:32:21.282 GMT+0800,1607.254,1606.953,400,200
21.03.2013 00:32:21.338 GMT+0800,1607.2479999999998,1606.9470000000001,600,300
21.03.2013 00:32:21.692 GMT+0800,1607.148,1606.7520000000002,800,200
21.03.2013 00:32:21.759 GMT+0800,1607.08,1606.763,200,300
21.03.2013 00:32:22.094 GMT+0800,1607.06,1606.7579999999998,300,300
21.03.2013 00:32:22.398 GMT+0800,1607.064,1606.733,200,300
21.03.2013 00:32:22.458 GMT+0800,1607.0570000000002,1606.753,300,300
21.03.2013 00:32:22.578 GMT+0800,1607.119,1606.783,300,300
21.03.2013 00:32:22.878 GMT+0800,1607.143,1606.783,300,300
21.03.2013 00:32:23.258 GMT+0800,1607.1589999999999,1606.8229999999999,300,300
21.03.2013 00:32:23.588 GMT+0800,1607.1370000000002,1606.8229999999999,300,300
21.03.2013 00:32:24.310 GMT+0800,1607.048,1606.7479999999998,200,700
21.03.2013 00:32:24.369 GMT+0800,1607.102,1606.8010000000002,200,800
21.03.2013 00:32:24.488 GMT+0800,1607.054,1606.733,300,300
21.03.2013 00:32:29.059 GMT+0800,1607.07,1606.733,300,300
21.03.2013 00:32:32.248 GMT+0800,1607.109,1606.753,200,300
21.03.2013 00:32:33.778 GMT+0800,1607.048,1606.7479999999998,500,600
21.03.2013 00:32:33.838 GMT+0800,1607.082,1606.723,500,300
21.03.2013 00:32:33.898 GMT+0800,1607.0220000000002,1606.7179999999998,300,300
21.03.2013 00:32:36.228 GMT+0800,1607.074,1606.723,300,300
21.03.2013 00:32:41.379 GMT+0800,1607.054,1606.723,200,300
21.03.2013 00:32:41.809 GMT+0800,1607.0720000000001,1606.723,300,300
21.03.2013 00:32:43.039 GMT+0800,1607.013,1606.673,300,300
21.03.2013 00:32:56.058 GMT+0800,1607.224,1606.923,300,200
21.03.2013 00:32:56.399 GMT+0800,1607.148,1606.848,200,200
21.03.2013 00:32:57.408 GMT+0800,1607.189,1606.889,300,700
21.03.2013 00:32:57.818 GMT+0800,1607.168,1606.866,300,300
21.03.2013 00:33:00.662 GMT+0800,1607.263,1606.963,300,200
21.03.2013 00:33:02.369 GMT+0800,1607.224,1606.923,400,200
21.03.2013 00:33:02.428 GMT+0800,1607.144,1606.844,300,700
21.03.2013 00:33:03.328 GMT+0800,1607.1620000000003,1606.8600000000001,300,800
21.03.2013 00:33:03.398 GMT+0800,1607.263,1606.963,600,200
21.03.2013 00:33:06.908 GMT+0800,1607.18,1606.88,300,800
21.03.2013 00:33:06.978 GMT+0800,1607.219,1606.9189999999999,300,700
21.03.2013 00:33:07.312 GMT+0800,1607.283,1606.983,300,200
21.03.2013 00:33:09.270 GMT+0800,1607.148,1606.848,200,700
21.03.2013 00:33:09.582 GMT+0800,1607.254,1606.953,400,200
21.03.2013 00:33:10.695 GMT+0800,1607.148,1606.848,800,600
21.03.2013 00:33:15.818 GMT+0800,1607.223,1606.923,200,200
21.03.2013 00:33:20.868 GMT+0800,1607.122,1606.8220000000001,300,200
21.03.2013 00:33:22.052 GMT+0800,1607.203,1606.903,300,200
21.03.2013 00:33:22.492 GMT+0800,1607.184,1606.8829999999998,700,200
21.03.2013 00:33:28.350 GMT+0800,1607.048,1606.7479999999998,200,200
21.03.2013 00:33:28.668 GMT+0800,1607.0620000000001,1606.76,300,800
21.03.2013 00:33:28.738 GMT+0800,1607.086,1606.7839999999999,300,700
21.03.2013 00:33:29.920 GMT+0800,1607.064,1606.763,200,800
21.03.2013 00:33:32.331 GMT+0800,1607.082,1606.78,300,800
21.03.2013 00:33:34.372 GMT+0800,1607.223,1606.923,600,200
21.03.2013 00:33:34.438 GMT+0800,1607.141,1606.839,300,800
21.03.2013 00:33:39.358 GMT+0800,1607.07,1606.769,200,800
21.03.2013 00:33:40.008 GMT+0800,1607.102,1606.8010000000002,200,700
21.03.2013 00:33:40.128 GMT+0800,1607.119,1606.8170000000002,300,300
21.03.2013 00:33:44.388 GMT+0800,1607.048,1606.7479999999998,200,200
21.03.2013 00:33:44.628 GMT+0800,1607.0900000000001,1606.788,300,700
21.03.2013 00:33:44.848 GMT+0800,1607.154,1606.8529999999998,600,200
21.03.2013 00:33:44.969 GMT+0800,1607.132,1606.832,300,700
21.03.2013 00:33:45.228 GMT+0800,1607.217,1606.8670000000002,300,300
21.03.2013 00:33:45.288 GMT+0800,1607.253,1606.953,300,200
21.03.2013 00:33:45.701 GMT+0800,1607.293,1606.993,600,200
21.03.2013 00:33:46.103 GMT+0800,1607.148,1606.848,200,800
21.03.2013 00:33:46.168 GMT+0800,1607.223,1606.923,200,200
21.03.2013 00:33:46.228 GMT+0800,1607.148,1606.848,200,200
21.03.2013 00:33:51.158 GMT+0800,1607.219,1606.9170000000001,300,300
21.03.2013 00:33:57.109 GMT+0800,1607.158,1606.856,300,300
21.03.2013 00:33:57.389 GMT+0800,1607.1879999999999,1606.8860000000002,300,300
21.03.2013 00:33:57.508 GMT+0800,1607.2150000000001,1606.913,300,800
21.03.2013 00:33:58.259 GMT+0800,1607.203,1606.903,300,200
21.03.2013 00:33:58.318 GMT+0800,1607.14,1606.8400000000001,300,800
21.03.2013 00:33:58.775 GMT+0800,1607.1779999999999,1606.8760000000002,400,800
21.03.2013 00:33:58.898 GMT+0800,1607.14,1606.8400000000001,300,200
21.03.2013 00:33:59.241 GMT+0800,1607.193,1606.893,500,200
21.03.2013 00:33:59.545 GMT+0800,1607.142,1606.842,300,200
21.03.2013 00:34:01.130 GMT+0800,1607.122,1606.8220000000001,300,200
21.03.2013 00:34:01.239 GMT+0800,1607.138,1606.838,300,800
21.03.2013 00:34:11.528 GMT+0800,1607.121,1606.8210000000001,300,700
21.03.2013 00:34:12.948 GMT+0800,1607.048,1606.7479999999998,300,300
21.03.2013 00:34:13.018 GMT+0800,1607.086,1606.783,200,300
21.03.2013 00:34:13.078 GMT+0800,1607.048,1606.747,200,700
21.03.2013 00:34:13.138 GMT+0800,1607.07,1606.768,300,900
21.03.2013 00:34:13.519 GMT+0800,1607.0520000000001,1606.7510000000002,200,900
21.03.2013 00:34:13.900 GMT+0800,1607.068,1606.767,200,300
21.03.2013 00:34:24.388 GMT+0800,1607.1370000000002,1606.804,300,300
21.03.2013 00:34:25.090 GMT+0800,1607.173,1606.8729999999998,300,200
21.03.2013 00:34:26.187 GMT+0800,1607.1979999999999,1606.8729999999998,200,300
21.03.2013 00:34:26.731 GMT+0800,1607.1660000000002,1606.865,200,300
21.03.2013 00:34:40.695 GMT+0800,1607.204,1606.8729999999998,200,300
21.03.2013 00:34:40.887 GMT+0800,1607.2420000000002,1606.9379999999999,300,300
21.03.2013 00:34:41.511 GMT+0800,1607.2520000000002,1606.9520000000002,300,500
21.03.2013 00:34:41.828 GMT+0800,1607.513,1607.213,300,200
21.03.2013 00:34:42.223 GMT+0800,1607.378,1607.078,300,700
21.03.2013 00:34:42.299 GMT+0800,1607.483,1607.1779999999999,800,200
21.03.2013 00:34:42.419 GMT+0800,1607.3429999999998,1607.043,300,800
21.03.2013 00:34:42.549 GMT+0800,1607.368,1607.065,300,700
21.03.2013 00:34:43.629 GMT+0800,1607.413,1607.1100000000001,300,700
21.03.2013 00:34:43.900 GMT+0800,1607.493,1607.1879999999999,300,200
21.03.2013 00:34:50.308 GMT+0800,1607.394,1607.0929999999998,200,700
21.03.2013 00:34:50.723 GMT+0800,1607.413,1607.1100000000001,300,800
21.03.2013 00:34:51.318 GMT+0800,1607.493,1607.1879999999999,300,200
21.03.2013 00:34:51.378 GMT+0800,1607.536,1607.1879999999999,300,300
21.03.2013 00:34:51.438 GMT+0800,1607.584,1607.278,700,200
21.03.2013 00:34:52.228 GMT+0800,1607.6029999999998,1607.298,300,200
21.03.2013 00:34:52.351 GMT+0800,1607.5520000000001,1607.25,700,800
21.03.2013 00:34:52.478 GMT+0800,1607.673,1607.314,800,200
21.03.2013 00:34:52.539 GMT+0800,1607.578,1607.276,300,300
21.03.2013 00:34:52.989 GMT+0800,1607.4479999999999,1607.148,800,600
21.03.2013 00:34:53.178 GMT+0800,1607.3170000000002,1606.9520000000002,300,900
21.03.2013 00:34:53.358 GMT+0800,1607.3370000000002,1606.9660000000001,300,400
21.03.2013 00:34:53.708 GMT+0800,1607.423,1607.118,300,200
21.03.2013 00:34:54.471 GMT+0800,1607.348,1607.048,500,800
21.03.2013 00:34:54.634 GMT+0800,1607.348,1607.048,300,800
21.03.2013 00:34:54.699 GMT+0800,1607.328,1607.028,300,800
21.03.2013 00:34:54.848 GMT+0800,1607.372,1607.0510000000002,300,600
21.03.2013 00:34:54.908 GMT+0800,1607.494,1607.1879999999999,400,200
21.03.2013 00:34:55.550 GMT+0800,1607.523,1607.2179999999998,200,200
21.03.2013 00:34:56.518 GMT+0800,1607.484,1607.183,300,700
21.03.2013 00:34:56.578 GMT+0800,1607.554,1607.253,400,200
21.03.2013 00:34:57.008 GMT+0800,1607.4479999999999,1607.148,200,700
21.03.2013 00:34:57.362 GMT+0800,1607.5079999999998,1607.2060000000001,300,300
21.03.2013 00:34:58.475 GMT+0800,1607.384,1607.084,300,700
21.03.2013 00:34:58.678 GMT+0800,1607.348,1607.023,200,200
21.03.2013 00:34:59.348 GMT+0800,1607.348,1607.04,300,300
21.03.2013 00:35:00.295 GMT+0800,1607.348,1607.023,200,200
21.03.2013 00:35:02.398 GMT+0800,1607.348,1607.028,300,300
21.03.2013 00:35:02.928 GMT+0800,1607.3760000000002,1607.038,200,300
21.03.2013 00:35:04.449 GMT+0800,1607.382,1607.043,200,300
21.03.2013 00:35:04.818 GMT+0800,1607.3700000000001,1607.0629999999999,300,300
21.03.2013 00:35:04.998 GMT+0800,1607.378,1607.0629999999999,300,300
21.03.2013 00:35:08.265 GMT+0800,1607.392,1607.088,300,300
21.03.2013 00:35:10.349 GMT+0800,1607.348,1607.0470000000003,200,300
21.03.2013 00:35:10.469 GMT+0800,1607.372,1607.0629999999999,300,300
21.03.2013 00:35:11.107 GMT+0800,1607.388,1607.079,300,300
21.03.2013 00:35:13.287 GMT+0800,1607.371,1607.0670000000002,300,300
21.03.2013 00:35:14.938 GMT+0800,1607.358,1607.0520000000001,200,600
21.03.2013 00:35:15.448 GMT+0800,1607.3400000000001,1606.983,300,300
21.03.2013 00:35:31.320 GMT+0800,1607.324,1606.963,300,300
21.03.2013 00:35:34.148 GMT+0800,1607.3,1606.9520000000002,300,300
21.03.2013 00:35:39.808 GMT+0800,1607.224,1606.923,300,600
21.03.2013 00:35:40.156 GMT+0800,1607.224,1606.858,300,400
21.03.2013 00:35:41.689 GMT+0800,1607.1570000000002,1606.856,200,400
21.03.2013 00:35:41.808 GMT+0800,1607.139,1606.793,300,300
21.03.2013 00:35:45.528 GMT+0800,1607.0770000000002,1606.773,700,300
21.03.2013 00:35:45.588 GMT+0800,1607.036,1606.733,300,800
21.03.2013 00:35:45.708 GMT+0800,1607.036,1606.67,300,400
21.03.2013 00:35:51.489 GMT+0800,1606.997,1606.644,300,300
